@inproceedings{Rogozin2009,
	Author = {Калинин, МВ and Рогозин, ОА and Сазыкина, ТА},
	Booktitle = {Труды 52-й научной конференции МФТИ},
	Langid = {russian},
	Location = {М.},
	Pages = {184--187},
	Publisher = {МФТИ},
	Title = {Параметрическое исследование эффективности насоса Кнудсена на основе численного моделирования кинетического уравнения},
	Year = {2009}}

@inproceedings{Rogozin2010TVD,
	Author = {Рогозин, ОА},
	Booktitle = {Труды 53-й научной конференции МФТИ},
	Langid = {russian},
	Location = {М.},
	Pages = {97--98},
	Publisher = {МФТИ},
	Title = {Сравнение TVD-ограничителей},
	Year = {2010}}

@inproceedings{Rogozin2011Couette,
	Author = {Рогозин, ОА},
	Booktitle = {Труды 54-й научной конференции МФТИ. Общая и прикладная физика},
	Langid = {russian},
	Location = {М.},
	Pages = {45--47},
	Publisher = {МФТИ},
	Title = {Течение Куэтта и перенос тепла между двумя параллельными пластинами},
	Year = {2011}}


