@article{none,} % cannot be empty
