% Encoding: UTF-8

@InCollection{Haviland1970,
  author   = {Хэвиленд, {\relax Дж} К},
  title    = {Решение двух задач о молекулярном течении методом Монте-Карло},
  pages    = {7--115},
  crossref = {Shidlovsky1970},
}

@InCollection{Nordsieck1970,
  author   = {Нордсик, А and Хикс, Б},
  title    = {Вычисление интеграла столкновений Больцмана методом Монте-Карло},
  pages    = {215--230},
  crossref = {Shidlovsky1970},
}

%%%%%%%%%%%%%%%%%%%%
%%% Technologies %%%
%%%%%%%%%%%%%%%%%%%%

@Article{matplotlib,
  author    = {Hunter, John D},
  title     = {Matplotlib: A 2D graphics environment},
  journal   = {Computing In Science \& Engineering},
  year      = {2007},
  volume    = {9},
  number    = {3},
  pages     = {90--95},
  doi       = {10.1109/MCSE.2007.55},
  langid    = {english},
  publisher = {IEEE},
}

@Article{gmsh,
  author    = {Geuzaine, Christophe and Remacle, Jean-Fran{\c{c}}ois},
  title     = {Gmsh: A 3-D finite element mesh generator with built-in pre-and post-processing facilities},
  journal   = {International Journal for Numerical Methods in Engineering},
  year      = {2009},
  volume    = {79},
  number    = {11},
  pages     = {1309--1331},
  doi       = {10.1002/nme.2579},
  langid    = {english},
  publisher = {Wiley Online Library},
}

@Article{openfoam,
  author  = {Weller, Henry G and Tabor, G and Jasak, Hrvoje and Fureby, C},
  title   = {A tensorial approach to computational continuum mechanics using object-oriented techniques},
  journal = {Comput. Phys.},
  year    = {1998},
  volume  = {12},
  number  = {6},
  pages   = {620--631},
  doi     = {10.1063/1.168744},
  langid  = {english},
}

@Book{mpi,
  author    = {Gropp, William and Lusk, Ewing and Skjellum, Anthony},
  title     = {Using MPI: portable parallel programming with the message-passing interface},
  year      = {1999},
  volume    = {1},
  publisher = {MIT press},
  pagetotal = {350},
  langid    = {english},
}

@Article{sympy,
  author    = {Joyner, David and {\v{C}}ert{\'\i}k, Ond{\v{r}}ej and Meurer, Aaron and Granger, Brian E},
  title     = {Open source computer algebra systems: SymPy},
  journal   = {ACM Communications in Computer Algebra},
  year      = {2012},
  volume    = {45},
  number    = {3/4},
  pages     = {225--234},
  doi       = {10.1145/2110170.2110185},
  langid    = {english},
  publisher = {ACM},
}

%%%%%%%%%%%%%%%%%%%%%
%%%  Experiments  %%%
%%%%%%%%%%%%%%%%%%%%%

@Article{Ewart2007,
  author    = {Ewart, Timoth{\'e}e and Perrier, Pierre and Graur, Irina A and M{\'e}olans, J Gilbert},
  title     = {Mass flow rate measurements in a microchannel, from hydrodynamic to near free molecular regimes},
  journal   = {Journal of fluid mechanics},
  year      = {2007},
  volume    = {584},
  pages     = {337--356},
  doi       = {10.1017/S0022112007006374},
  langid    = {english},
  publisher = {Cambridge Univ Press},
}

%%%%%%%%%%%%%%%%%%%%
%%% Sone's group %%%
%%%%%%%%%%%%%%%%%%%%

@Article{Sone1996,
  author  = {Sone, Yoshio and Aoki, Kazuo and Takata, Shigeru and Sugimoto, Hiroshi and Bobylev, AV},
  title   = {Inappropriateness of the heat-conduction equation for description of a temperature field of a stationary gas in the continuum limit: Examination by asymptotic analysis and numerical computation of the Boltzmann equation},
  journal = {Physics of fluids},
  year    = {1996},
  volume  = {8},
  pages   = {628--638},
  langid  = {english},
}

@Article{Sone2000,
  author    = {Sone, Yoshio and Bardos, Claude and Golse, Fran{\c{c}}ois and Sugimoto, Hiroshi},
  title     = {Asymptotic theory of the Boltzmann system, for a steady flow of a slightly rarefied gas with a finite Mach number: General theory},
  journal   = {Eur. J. Mech. B/Fluids},
  year      = {2000},
  volume    = {19},
  number    = {3},
  pages     = {325--360},
  doi       = {10.1016/S0997-7546(00)00110-2},
  langid    = {english},
  publisher = {Elsevier},
}

@Article{Sone1989Noncoaxial,
  author    = {Aoki, Kazuo and Sone, Yoshio and Yano, Takeru},
  title     = {Numerical analysis of a flow induced in a rarefied gas between noncoaxial circular cylinders with different temperatures for the entire range of the Knudsen number},
  journal   = {Phys. Fluids A},
  year      = {1989},
  volume    = {1},
  number    = {2},
  pages     = {409--419},
  langid    = {english},
  publisher = {AIP Publishing},
}

@Article{Sone1968,
  author    = {Sone, Yoshio},
  title     = {Asymptotic behavior of diffusion of tangential velocity discontinuity in rarefied gas},
  journal   = {Physics of Fluids},
  year      = {1968},
  volume    = {11},
  number    = {9},
  pages     = {1935--1937},
  langid    = {english},
  publisher = {AIP Publishing},
}

@Article{Sone1998Coaxial,
  author    = {Aoki, K and Sone, Y and Waniguchi, Y},
  title     = {A rarefied gas flow induced by a temperature field: Numerical analysis of the flow between two coaxial elliptic cylinders with different uniform temperatures},
  journal   = {Comput. Math. Appl.},
  year      = {1998},
  volume    = {35},
  number    = {1},
  pages     = {15--28},
  langid    = {english},
  publisher = {Elsevier},
}

@InProceedings{Aoki2006,
  author    = {Laneryd, Carl-Johan Tor and Aoki, K and Degond, P and Mieussens, L},
  title     = {Thermal creep of a slightly rarefied gas through a channel with curved boundary},
  booktitle = {Rarefied Gas Dynamics},
  year      = {2007},
  editor    = {Ivanov, M S and Rebrov, A K},
  publisher = {Siberian Branch of the Russian Academy of Sciences},
  location  = {Novosibirsk},
  pages     = {1111-1116},
  langid    = {english},
}

@Article{Aoki2007,
  author  = {Laneryd, Carl-Johan Tor and Aoki, Kazuo and Takata, Shigeru},
  title   = {Slow flows of a vapor-gas mixture with large density and temperature variations in the near-continuum regime},
  journal = {Phys. Fluids},
  year    = {2007},
  volume  = {19},
  pages   = {107104},
  langid  = {english},
}

@Article{Aoki2014,
  author  = {Aoki, Kazuo and Kagaya, Ryo and Kosuge, Shingo and Yoshida, Hiroaki},
  title   = {Numerical analysis of the Taylor-Vortex flow of a slightly rarefied gas},
  journal = {AIP Conf. Proc.},
  year    = {2014},
  volume  = {1628},
  pages   = {60--67},
  doi     = {10.1063/1.4902575},
  langid  = {english},
}

@Article{Sone1972Stress,
  author    = {Sone, Yoshio},
  title     = {A flow induced by thermal stress in rarefied gas},
  journal   = {J. Phys. Soc. Jpn.},
  year      = {1972},
  volume    = {33},
  number    = {1},
  pages     = {232--236},
  langid    = {english},
  publisher = {The Physical Society of Japan},
}

@Article{Ohwada1989,
  author  = {Ohwada, Taku and Aoki, Kazuo and Sone, Yoshio},
  title   = {Heat transfer and temperature distribution in a rarefied gas between two parallel plates with different temperatures: Numerical analysis of the Boltzmann equation for a hard sphere molecule},
  journal = {Progress in Astronautics and Aeronautics},
  year    = {1989},
  volume  = {117},
  pages   = {70--81},
  doi     = {10.2514/5.9781600865923.0070.0081},
  langid  = {english},
}

@Article{Ohwada1989creep,
  author  = {Ohwada, Taku and Sone, Yoshio and Aoki, Kazuo},
  title   = {Numerical analysis of the shear and thermal creep flows of a rarefied gas over a plane wall on the basis of the linearized Boltzmann equation for hard-sphere molecules},
  journal = {Phys. Fluids A},
  year    = {1989},
  volume  = {1},
  number  = {9},
  pages   = {1588--1599},
  doi     = {10.1063/1.857304},
  langid  = {english},
}

% method for linearized BE

@Article{Ohwada1989jump,
  author    = {Sone, Yoshio and Ohwada, Taku and Aoki, Kazuo},
  title     = {Temperature jump and Knudsen layer in a rarefied gas over a plane wall: Numerical analysis of the linearized Boltzmann equation for hard-sphere molecules},
  journal   = {Phys. Fluids A},
  year      = {1989},
  volume    = {1},
  number    = {2},
  pages     = {363--370},
  doi       = {10.1063/1.857457},
  langid    = {english},
  publisher = {AIP Publishing},
}

@Article{Ohwada1989transpiration,
  author    = {Taku Ohwada and Yoshio Sone and Kazuo Aoki},
  title     = {Numerical analysis of the Poiseuille and thermal transpiration flows between two parallel plates on the basis of the Boltzmann equation for hard-sphere molecules},
  journal   = {Physics of Fluids A: Fluid Dynamics},
  year      = {1989},
  volume    = {1},
  number    = {12},
  month     = {8},
  pages     = {2042--2049},
  doi       = {10.1063/1.857478},
  langid    = {english},
  publisher = {AIP},
}

@Article{Ohwada1990,
  author  = {Sone, Yoshio and Takata, Shigeru and Ohwada, Taku},
  title   = {Numerical analysis of the plane Couette flow of a rarefied gas on the basis of the linearized Boltzmann equation for hard-sphere molecules},
  journal = {Eur. J. Mech. B/Fluids},
  year    = {1990},
  volume  = {9},
  pages   = {273--288},
  langid  = {english},
}

@Article{Ohwada1992,
  author  = {Ohwada, Taku and Sone, Yoshio},
  title   = {Analysis of thermal stress slip flow and negative thermophoresis using the Boltzmann equation for hard-sphere molecules},
  journal = {Eur. J. Mech. B/Fluids},
  year    = {1992},
  volume  = {11},
  pages   = {389--414},
  langid  = {english},
}

@Article{Takata2015second,
  author  = {Hattori, Masanari and Takata, Shigeru},
  title   = {Second-order Knudsen-layer analysis for the generalized slip-flow theory I},
  journal = {Bull. Inst. Math. Acad. Sinica},
  year    = {2015},
  volume  = {10},
  pages   = {423--448},
  langid  = {english},
}

@Article{Takata2015curvature,
  author    = {Hattori, Masanari and Takata, Shigeru},
  title     = {Second-order Knudsen-layer analysis for the generalized slip-flow theory II: curvature effects},
  journal   = {J. Stat. Phys.},
  year      = {2015},
  volume    = {161},
  number    = {4},
  pages     = {1010--1036},
  doi       = {10.1007/s10955-015-1364-0},
  langid    = {english},
  publisher = {Springer},
}

@Misc{Takata2015,
  author       = {Takata, Shigeru and Hattori, Masanari},
  title        = {Numerical data for the generalized slip-flow theory},
  year         = {2015},
  howpublished = {\url{http://hdl.handle.net/2433/199811}},
  langid       = {english},
}

%%%%%%%%%%%%%%%%%%%%%
%%% Ancient works %%%
%%%%%%%%%%%%%%%%%%%%%

@Article{Maxwell1879,
  author    = {Maxwell, J Clerk},
  title     = {On stresses in rarified gases arising from inequalities of temperature},
  journal   = {Philos. Trans. R. Soc. London},
  year      = {1879},
  volume    = {170},
  pages     = {231--256},
  langid    = {english},
  publisher = {The Royal Society},
}

@Article{Hilbert1912,
  author    = {Hilbert, David},
  title     = {Begr{\"u}ndung der kinetischen Gastheorie},
  journal   = {Mathematische Annalen},
  year      = {1912},
  volume    = {72},
  number    = {4},
  pages     = {562-577},
  doi       = {10.1007/BF01456676},
  langid    = {german},
  publisher = {Springer-Verlag},
}

@Article{Chapman1916,
  author    = {Chapman, Sydney},
  title     = {On the law of distribution of molecular velocities, and on the theory of viscosity and thermal conduction, in a non-uniform simple monatomic gas},
  journal   = {Philosophical Transactions of the Royal Society of London. Series A},
  year      = {1916},
  volume    = {216},
  pages     = {279--348},
  langid    = {english},
  publisher = {JSTOR},
}

@Thesis{Enskog1917,
  author      = {Enskog, David},
  title       = {Kinetische Theorie der Vorg{\"a}nge in m{\"a}ssig verd{\"u}nnten Gasen},
  type        = {Dissertation},
  institution = {Upsala},
  year        = {1917},
  langid      = {german},
}

@Book{Hilbert1924,
  author    = {Hilbert, David},
  title     = {Gr{\"u}ndz{\"u}ge einer allgemeinen Theorie der linearen Integralgleichungen},
  year      = {1924},
  publisher = {Teubner},
  location  = {Leipzig},
  langid    = {german},
}

@Article{Burnett1935,
  author    = {Burnett, David},
  title     = {The distribution of velocities in a slightly non-uniform gas},
  journal   = {P. London Math. Soc.},
  year      = {1935},
  volume    = {2},
  number    = {1},
  pages     = {385--430},
  doi       = {10.1112/plms/s2-39.1.385},
  langid    = {english},
  publisher = {Oxford University Press},
}

%%%%%%%%%%%%%%%%%%%%%%%%%%%%%%%%%%%
%%% Main monographs and reviews %%%
%%%%%%%%%%%%%%%%%%%%%%%%%%%%%%%%%%%

@Book{Chapman1970,
  author    = {Chapman, Sydney and Cowling, Thomas George},
  title     = {The mathematical theory of non-uniform gases: an account of the kinetic theory of viscosity, thermal conduction and diffusion in gases},
  year      = {1970},
  publisher = {Cambridge University Press},
  langid    = {english},
}

@Book{Chapman1960,
  author       = {Чепмен, С and Каулинг, Т},
  title        = {Математическая теория неоднородных газов},
  year         = {1960},
  editor       = {Боголюбова, Н Н},
  translator   = {Малиновской, Е В},
  origlanguage = {english},
  publisher    = {ИЛ},
  location     = {М.},
  pagetotal    = {510},
  langid       = {russian},
}

@InCollection{Grad1958,
  author    = {Grad, Harold},
  title     = {Principles of the kinetic theory of gases},
  booktitle = {Thermodynamics of Gases},
  year      = {1958},
  publisher = {Springer},
  pages     = {205--294},
  langid    = {english},
}

@InCollection{Grad1970,
  author       = {Грэд, Гарольд},
  title        = {Кинетическая теория газов},
  booktitle    = {Термодинамика газов},
  year         = {1970},
  translator   = {Зуева, В С},
  origlanguage = {english},
  publisher    = {Машиностроение},
  pages        = {5--109},
  langid       = {russian},
}

@Book{Cercignani1973,
  author       = {Черчиньяни, Карло},
  title        = {Математические методы в кинетической теории газов},
  year         = {1973},
  translator   = {Галкина, В С and Перепухова, В А and Фридлендера, О Г},
  origlanguage = {english},
  publisher    = {Мир},
  location     = {М.},
  pagetotal    = {246},
  langid       = {russian},
}

@Book{Bird1981,
  author       = {Бёрд, Грэм},
  title        = {Молекулярная газовая динамика},
  year         = {1981},
  translator   = {Ерофеева, А И and Фридлендера, О Г and Яницкого, В Е},
  origlanguage = {english},
  publisher    = {Мир},
  location     = {М.},
  pagetotal    = {319},
  editors      = {Белоцерковского, О М and Когана, М Н},
  langid       = {russian},
}

@Book{Cercignani1994theory,
  author    = {Cercignani, Carlo and Illner, Reinhard and Pulvirenti, Mario},
  title     = {The mathematical theory of dilute gases},
  year      = {2013},
  volume    = {106},
  publisher = {Springer Science \& Business Media},
  langid    = {english},
}

@Book{Cercignani2006,
  author    = {Cercignani, Carlo},
  title     = {Slow rarefied flows: theory and application to micro-electro-mechanical systems},
  year      = {2006},
  volume    = {41},
  publisher = {Springer Science \& Business Media},
  langid    = {english},
}

@Article{Villani2002,
  author  = {Villani, C{\'e}dric},
  title   = {A review of mathematical topics in collisional kinetic theory},
  journal = {Handbook of mathematical fluid dynamics},
  year    = {2002},
  volume  = {1},
  pages   = {71--305},
  langid  = {english},
}

@Book{Sone2002,
  author    = {Sone, Yoshio},
  title     = {Kinetic theory and fluid dynamics},
  year      = {2002},
  publisher = {Birkh{\"a}user},
  location  = {Boston},
  langid    = {english},
}

@Book{Sone2007,
  author    = {Sone, Yoshio},
  title     = {Molecular gas dynamics: theory, techniques, and applications},
  year      = {2007},
  publisher = {Birkh{\"a}user},
  location  = {Boston},
  langid    = {english},
}

@Book{Bogaevski1991,
  author    = {Bogaevski, V N and Povzner, A},
  title     = {Algebraic Methods in Nonlinear Perturbation Theory},
  year      = {1991},
  number    = {88},
  publisher = {Springer-Verlag},
  pages     = {266},
  doi       = {10.1007/978-1-4612-4438-7},
  langid    = {english},
}

@Book{Bogaevski1987,
  author    = {Богаевский, В Н and Повзнер, А Я},
  title     = {Алгебраические методы в нелинейной теории возмущений},
  year      = {1987},
  publisher = {Наука},
  langid    = {russian},
}

%%%%%%%%%%%%%%%%%%%%%%%%%
%%%    Mathematics    %%%
%%%%%%%%%%%%%%%%%%%%%%%%%

@Article{Cercignani1971,
  author    = {Cercignani, Carlo and Lampis, Maria},
  title     = {Kinetic models for gas-surface interactions},
  journal   = {Transport Theory and Statistical Physics},
  year      = {1971},
  volume    = {1},
  number    = {2},
  pages     = {101--114},
  langid    = {english},
  publisher = {Taylor \& Francis},
}

%%%%%%%%%%%%%%%%%%%%%%%%%%%%%
%%% Tcheremissine's group %%%
%%%%%%%%%%%%%%%%%%%%%%%%%%%%%

@Article{Tcheremissine1970,
  author    = {Черемисин, Ф Г},
  title     = {Численное решение кинетического уравнения Больцмана для одномерных стационарных движений газа},
  journal   = {Ж. вычисл. матем. и матем. физ.},
  year      = {1970},
  volume    = {10},
  number    = {3},
  pages     = {654--665},
  doi       = {10.1016/0041-5553(70)90119-9},
  langid    = {russian},
  publisher = {Российская академия наук, Отделение математических наук},
}

@Article{Tcheremissine1980,
  author    = {Аристов, Владимир Владимирович and Черемисин, Ф Г},
  title     = {Консервативный метод расщепления для решения уравнения Больцмана},
  journal   = {Ж. вычисл. матем. и матем. физ.},
  year      = {1980},
  volume    = {20},
  number    = {1},
  pages     = {191--207},
  doi       = {10.1016/0041-5553(80)90074-9},
  langid    = {russian},
  publisher = {Российская академия наук, Отделение математических наук},
}

@Article{Tcheremissine1997,
  author  = {Черемисин, Ф Г},
  title   = {Консервативный метод вычисления интеграла столкновений Больцмана},
  journal = {Доклады РАН},
  year    = {1997},
  volume  = {357},
  number  = {1},
  pages   = {1--4},
  langid  = {russian},
}

@Article{Tcheremissine2000,
  author  = {Черемисин, Ф Г},
  title   = {Решение уравнения Больцмана при переходе к гидродинамическому режиму течения},
  journal = {Доклады РАН},
  year    = {2000},
  volume  = {373},
  number  = {4},
  pages   = {483--486},
  langid  = {russian},
}

@Article{Tcheremissine1998,
  author    = {Tcheremissine, Felix G},
  title     = {Conservative evaluation of Boltzmann collision integral in discrete ordinates approximation},
  journal   = {Comput. Math. with Appl.},
  year      = {1998},
  volume    = {35},
  number    = {1},
  pages     = {215--221},
  doi       = {10.1016/s0898-1221(97)00269-1},
  langid    = {english},
  publisher = {Elsevier},
}

@Article{Tcheremissine2006,
  author    = {Черемисин, ФГ},
  title     = {Решение кинетического уравнения Больцмана для высокоскоростных течений},
  journal   = {Ж. вычисл. матем. и матем. физ.},
  year      = {2006},
  volume    = {46},
  number    = {2},
  pages     = {329--343},
  langid    = {russian},
  publisher = {Российская академия наук, Отделение математических наук},
}

@Article{Tcheremissine2015,
  author  = {Tcheremissine, Felix G},
  title   = {Testing and acceleration of the conservative projection method for solving Boltzmann kinetic equation},
  journal = {AIP Conf. Proc.},
  year    = {2015},
  volume  = {1648},
  pages   = {230005},
  doi     = {10.1063/1.4912497},
}

@Article{Dodulad2012,
  author  = {Dodulad, Oleg I and Tcheremissine, Felix G},
  title   = {Multipoint conservative projection method for computing the Boltzmann collision integral for gas mixtures},
  journal = {AIP Conf. Proc.},
  year    = {2012},
  volume  = {1501},
  pages   = {302--309},
  doi     = {10.1063/1.4769529},
  langid  = {english},
}

@Article{Dodulad2013,
  author    = {Dodulad, Oleg I and Tcheremissine, Felix G},
  title     = {Computation of a shock wave structure in monatomic gas with accuracy control},
  journal   = {Comput. Math. Math. Phys.},
  year      = {2013},
  volume    = {53},
  number    = {6},
  pages     = {827--844},
  doi       = {10.1134/s0965542513060055},
  publisher = {Springer},
}

@Article{Dodulad2015,
  author    = {Anikin, Yury A and Dodulad, Oleg I and Kloss, Yury Yu and Tcheremissine, Felix G},
  title     = {Method of calculating the collision integral and solution of the Boltzmann kinetic equation for simple gases, gas mixtures and gases with rotational degrees of freedom},
  journal   = {Int. J. Comput. Math.},
  year      = {2015},
  volume    = {92},
  number    = {9},
  pages     = {1775-1789},
  doi       = {10.1080/00207160.2014.909033},
  publisher = {Taylor \& Francis},
}

@Article{Anikin2012,
  author    = {Аникин, Юрий Александрович},
  title     = {О точности проекционного счета интеграла столкновений},
  journal   = {Журнал вычислительной математики и математической физики},
  year      = {2012},
  volume    = {52},
  number    = {4},
  pages     = {697--719},
  langid    = {russian},
  publisher = {Российская академия наук, Отделение математических наук},
}

@Article{Popov2001,
  author    = {Попов, С П and Черемисин, Ф Г},
  title     = {Пример совместного численного решения уравнений Больцмана и Навье-Стокса},
  journal   = {Журнал вычислительной математики и математической физики},
  year      = {2001},
  volume    = {41},
  number    = {3},
  pages     = {489--500},
  langid    = {russian},
  publisher = {Российская академия наук, Отделение математических наук},
}

@Article{Kloss2012,
  author    = {Anikin, Yu A and Dodulad, OI and Kloss, Yu Yu and Martynov, DV and Shuvalov, PV and Tcheremissine, FG},
  title     = {Development of applied software for analysis of gas flows in vacuum devices},
  journal   = {Vacuum},
  year      = {2012},
  volume    = {86},
  number    = {11},
  pages     = {1770--1777},
  langid    = {english},
  publisher = {Elsevier},
}

%%%%%%%%%%%%%%%%%%%%%%%%%%%%%
%%% Korobov lattice rules %%%
%%%%%%%%%%%%%%%%%%%%%%%%%%%%%

@Article{Korobov1959,
  author  = {Коробов, НМ},
  title   = {О приближенном вычислении кратных интегралов},
  journal = {ДАН СССР},
  year    = {1959},
  volume  = {124},
  number  = {6},
  pages   = {1207--1210},
  langid  = {russian},
}

@Book{Sloan1994,
  author    = {Sloan, Ian H and Joe, Stephen},
  title     = {Lattice methods for multiple integration},
  year      = {1994},
  publisher = {Oxford University Press},
  langid    = {english},
}

%%%%%%%%%%%%%%%%%%%%%
%%% Kogan's group %%%
%%%%%%%%%%%%%%%%%%%%%

@Article{Kogan1971review,
  author  = {Коган, М Н},
  title   = {Некоторые вопросы молекулярной газодинамики},
  journal = {Ученые записки ЦАГИ},
  year    = {1971},
  volume  = {2},
  number  = {1},
  pages   = {49--59},
  langid  = {russian},
}

@Article{Kogan1970,
  author  = {Галкин, В С and Коган, М Н and Фридлендер, О Г},
  title   = {О некоторых кинетических эффектах в течениях сплошной среды},
  journal = {Изв. АН СССР, МЖГ},
  year    = {1970},
  number  = {3},
  pages   = {13--21},
  langid  = {russian},
}

@Article{Kogan1971,
  author  = {Галкин, В С and Коган, М Н and Фридлендер, О Г},
  title   = {О свободной конвекции в газе в отсутствие внешних сил},
  journal = {Изв. АН СССР, МЖГ},
  year    = {1971},
  number  = {3},
  langid  = {russian},
}

@Article{Kogan1972,
  author  = {Галкин, В С and Коган, М Н and Фридлендер, О Г},
  title   = {Обтекание сильно нагретой сферы потоком газа при малых числах Рейнольдса},
  journal = {Прикл. математика и механика},
  year    = {1972},
  volume  = {36},
  number  = {5},
  pages   = {880--885},
  langid  = {russian},
}

@Article{Friedlander1974,
  author  = {Галкин, В С and Фридлендер, О Г},
  title   = {Силы, действующие на тела в газе и обусловленные барнеттовскими напряжениями},
  journal = {Прикл. математика и механика},
  year    = {1974},
  volume  = {38},
  number  = {2},
  langid  = {russian},
}

@Article{Galkin1974,
  author  = {Галкин, В С},
  title   = {{Вывод уравнений медленных течений смесей газов из уравнения Больцмана}},
  journal = {Ученые записки ЦАГИ},
  year    = {1974},
  volume  = {5},
  number  = {4},
  pages   = {40--47},
  langid  = {russian},
}

@Article{Kogan1976,
  author  = {Коган, М Н and Галкин, В С and Фридлендер, О Г},
  title   = {О напряжениях, возникающих в газах вследствие неоднородности температуры и концентраций. Новые типы свободной конвекции},
  journal = {Успехи физических наук},
  year    = {1976},
  volume  = {119},
  pages   = {111--125},
  langid  = {russian},
}

@InCollection{Friedlander1997,
  author    = {Alexandrov, V and Boris, A and Friedlander, O and Kogan, M and Nikolsky, Yu and Perminov, V},
  title     = {Thermal stress effect and its experimental detection},
  booktitle = {Rarefied Gas Dynamics. Proceedings of 20-th International Symposium},
  year      = {1997},
  editor    = {Ching Shen},
  publisher = {Peking University Press},
  location  = {Beijing, China},
  chapter   = {Rarefied Flow Studies},
  pages     = {79--84},
  langid    = {english},
}

@InCollection{Friedlander2003,
  author    = {Alexandrov, Victor Yu and Friedlander, Oscar G and Nikolsky, Yurii V},
  title     = {Numerical and experimental investigations of thermal stress effect on nonlinear thermomolecular pressure difference},
  booktitle = {Rarefied Gas Dynamics},
  year      = {2003},
  editor    = {Ketsdever, A D and Muntz, E P},
  publisher = {AIP},
  location  = {New York},
  chapter   = {Rarefied Flow Studies},
  pages     = {250--257},
  langid    = {english},
}

@Article{Alexandrov2002,
  author  = {Александров, В Ю},
  title   = {Численное исследование влияния температурных напряжений на нелинейный эффект термомолекулярной разности давлений},
  journal = {Изв. РАН. МЖГ},
  year    = {2002},
  number  = {6},
  pages   = {148--161},
  langid  = {russian},
}

@Article{Alexandrov2008a,
  author  = {Александров, В Ю and Ерофеев, А И and Коган, М Н and Фридлендер, О Г},
  title   = {Температурное силовое взаимодействие сферических частиц},
  journal = {Изв. РАН. МЖГ},
  year    = {2008},
  number  = {2},
  pages   = {183--188},
}

@Article{Alexandrov2008b,
  author  = {Александров, В Ю and Фридлендер, О Г},
  title   = {Медленные течения газа и эффект отрицательного сопротивления сильно нагретой сферической частицы},
  journal = {Изв. РАН. МЖГ},
  year    = {2008},
  number  = {3},
  pages   = {168--177},
  langid  = {russian},
}

@Article{Alexandrov2011,
  author  = {Александров, В Ю},
  title   = {Сопротивление сильно нагретой сферы при малых числах Рейнольдса},
  journal = {Изв. РАН. МЖГ},
  year    = {2011},
  number  = {5},
  pages   = {142--156},
  langid  = {russian},
}

%%%%%%%%%%%%%%%%
%%% OpenFOAM %%%
%%%%%%%%%%%%%%%%

@Article{Reese2010,
  author    = {Scanlon, Thomas J. and Roohi, Ehsan and White, Craig and Darbandi, Masoud and Reese, Jason M.},
  title     = {An open source, parallel DSMC code for rarefied gas flows in arbitrary geometries},
  journal   = {Comput. Fluids},
  year      = {2010},
  volume    = {39},
  number    = {10},
  pages     = {2078--2089},
  doi       = {10.1016/j.compfluid.2010.07.014},
  langid    = {english},
  publisher = {Elsevier},
}

%%%%%%%%%%%%%%%
%%% Solvers %%%
%%%%%%%%%%%%%%%

@InCollection{Aristov2009,
  author      = {Aristov, V. V. and Frolova, A. A. and Zabelok, S. A. and Kolobov, V. I. and Arslanbekov, R. R.},
  title       = {Unified Flow Solver Combining Boltzmann and Continuum Models for Simulations of Gas Flows for the Entire Range of Knudsen Numbers},
  booktitle   = {Computational Fluid Dynamics 2006},
  year        = {2009},
  editor      = {Deconinck, Herman and Dick, E.},
  publisher   = {Springer Berlin Heidelberg},
  isbn        = {978-3-540-92779-2},
  pages       = {719--724},
  doi         = {10.1007/978-3-540-92779-2_113},
  affiliation = {Dorodnicyn Computing Center of the Russian Academy of Sciences Vavilova str. – 40 119991 Moscow Russia},
  keyword     = {Engineering},
  langid      = {english},
}

%%%%%%%%%%%%%%%%%%%%%%%%%
%%%  Model equations  %%%
%%%%%%%%%%%%%%%%%%%%%%%%%

@Article{Krook1954,
  author    = {Bhatnagar, P. L. and Gross, E. P. and Krook, M.},
  title     = {A Model for Collision Processes in Gases. I. Small Amplitude Processes in Charged and Neutral One-Component Systems},
  journal   = {Phys. Rev.},
  year      = {1954},
  volume    = {94},
  pages     = {511--525},
  doi       = {10.1103/PhysRev.94.511},
  langid    = {english},
  numpages  = {14},
  publisher = {American Physical Society},
}

@Article{Welander1954,
  author  = {Welander, P.},
  title   = {On the temperature jump in a rarefied gas},
  journal = {Arkiv Fysik},
  year    = {1954},
  volume  = {7},
  langid  = {english},
}

@Article{Shakhov1968,
  author  = {Shakhov, E. M.},
  title   = {Generalization of the Krook kinetic relaxation equation},
  journal = {Fluid Dynamics},
  year    = {1968},
  volume  = {3},
  issue   = {5},
  pages   = {95--96},
  doi     = {10.1007/BF01029546},
  langid  = {english},
}

@Thesis{Holway1963,
  author = {Holway Jr, L.H.},
  title  = {Approximation Procedures for Kinetic Theory},
  type   = {PhD thesis},
  year   = {1963},
  langid = {english},
  school = {Harvard},
}

@Article{Holway1966,
  author    = {Holway Jr, L.H.},
  title     = {New Statistical Models for Kinetic Theory: Methods of Construction},
  journal   = {Physics of Fluids},
  year      = {1966},
  volume    = {9},
  number    = {9},
  pages     = {1658--1673},
  doi       = {10.1063/1.1761920},
  langid    = {english},
  publisher = {AIP},
}

@Article{Perthame2000,
  author    = {Andries, Pierre and Le Tallec, Patrick and Perlat, Jean-Philippe and Perthame, Beno{\^\i}t},
  title     = {The Gaussian-BGK model of Boltzmann equation with small Prandtl number},
  journal   = {European Journal of Mechanics B/Fluids},
  year      = {2000},
  volume    = {19},
  number    = {6},
  pages     = {813--830},
  doi       = {10.1016/S0997-7546(00)01103-1},
  langid    = {english},
  publisher = {Elsevier},
}

@Article{Dimarco2014,
  author    = {Dimarco, Giacomo and Pareschi, Lorenzo},
  title     = {Numerical methods for kinetic equations},
  journal   = {Acta Numer.},
  year      = {2014},
  volume    = {23},
  pages     = {369--520},
  doi       = {10.1017/S0962492914000063},
  langid    = {english},
  publisher = {Cambridge Univ Press},
}

%%%%%%%%%%%%%%%%%
%%%   Other   %%%
%%%%%%%%%%%%%%%%%

@Article{SharipovCoefficients,
  author    = {Sharipov, Felix},
  title     = {Data on the velocity slip and temperature jump on a gas-solid interface},
  journal   = {J. Phys. Chem. Ref. Data},
  year      = {2011},
  volume    = {40},
  number    = {2},
  pages     = {023101},
  langid    = {english},
  publisher = {AIP Publishing},
}

@Book{Smythe1968Electricity,
  author    = {Smythe, William Ralph},
  title     = {Static and Dynamic Electricity},
  year      = {1968},
  edition   = {3},
  publisher = {McGraw-Hill},
  location  = {New York},
  langid    = {english},
}

@Book{Abramowitz1972,
  author    = {Abramowitz, Milton and Stegun, Irene A},
  title     = {Handbook of mathematical functions: with formulas, graphs, and mathematical tables},
  year      = {1972},
  publisher = {National Bureau of Standards},
  langid    = {english},
}

%%%%%%%%%%%%%%%%%%%%%%%%%%%%%%%
%%% Other numerical methods %%%
%%%%%%%%%%%%%%%%%%%%%%%%%%%%%%%

@Article{SIMPLE,
  author    = {Caretto, L S and Curr, R M and Spalding, D B},
  title     = {Two numerical methods for three-dimensional boundary layers},
  journal   = {Comput. Methods Appl. Mech. Eng.},
  year      = {1972},
  volume    = {1},
  number    = {1},
  pages     = {39--57},
  langid    = {english},
  publisher = {Elsevier},
}

@Article{Aidun2010,
  author    = {Aidun, Cyrus K and Clausen, Jonathan R},
  title     = {Lattice-Boltzmann method for complex flows},
  journal   = {Annu. Rev. Fluid Mech.},
  year      = {2010},
  volume    = {42},
  pages     = {439--472},
  doi       = {10.1146/annurev-fluid-121108-145519},
  langid    = {english},
  publisher = {Annual Reviews},
}

@Article{Pekeris1957,
  author    = {Pekeris, Chaim L and Alterman, Zipora},
  title     = {Solution of the Boltzmann-Hilbert integral equation II. The coefficients of viscosity and heat conduction},
  journal   = {Proc. Natl. Acad. Sci. USA},
  year      = {1957},
  volume    = {43},
  number    = {11},
  pages     = {998--1007},
  doi       = {10.1073/pnas.43.11.998},
  langid    = {english},
  publisher = {National Academy of Sciences},
}

%%%%%%%%%%%%%%%%%%%%
%%% Couette flow %%%
%%%%%%%%%%%%%%%%%%%%

@Article{Willis1962,
  author    = {Willis, D Roger},
  title     = {Comparison of kinetic theory analyses of linearized Couette flow},
  journal   = {Phys. Fluids},
  year      = {1962},
  volume    = {5},
  number    = {2},
  pages     = {127--135},
  doi       = {10.1063/1.1706585},
  langid    = {english},
  publisher = {AIP Publishing},
}

@Book{Garzo2003,
  author    = {Garz\'{o}, Vicente and Santos, Andr\'{e}s},
  title     = {Kinetic theory of gases in shear flows: nonlinear transport},
  year      = {2003},
  volume    = {131},
  publisher = {Springer Science \& Business Media},
  langid    = {english},
}

@Article{Cercignani1994couette,
  author    = {Cercignani, Carlo and Cortese, Stefano},
  title     = {Validation of a Monte Carlo simulation of the plane Couette flow of a rarefied gas},
  journal   = {J. Stat. Phys.},
  year      = {1994},
  volume    = {75},
  number    = {5-6},
  pages     = {817--838},
  doi       = {10.1007/BF02186745},
  langid    = {english},
  publisher = {Springer},
}

@Article{Sharipov2000,
  author    = {Marques, Jr Wilson and Kremer, Gilberto M and Sharipov, Felix M},
  title     = {Couette flow with slip and jump boundary conditions},
  journal   = {Contin. Mech. Thermodyn.},
  year      = {2000},
  volume    = {12},
  number    = {6},
  pages     = {379--386},
  doi       = {10.1007/s001610050143},
  langid    = {english},
  publisher = {Springer},
}

@Article{Reese2003,
  author    = {Lockerby, Duncan A and Reese, Jason M},
  title     = {High-resolution Burnett simulations of micro Couette flow and heat transfer},
  journal   = {J. Comput. Phys.},
  year      = {2003},
  volume    = {188},
  number    = {2},
  pages     = {333--347},
  doi       = {10.1016/S0021-9991(03)00162-1},
  langid    = {english},
  publisher = {Elsevier},
}

@Article{Agrawal2008,
  author  = {Agrawal, Amit and Prabhu, SV},
  title   = {Survey on measurement of tangential momentum accommodation coefficient},
  journal = {J. Vac. Sci. Technol., A},
  year    = {2008},
  volume  = {26},
  number  = {4},
  pages   = {634--645},
  doi     = {10.1116/1.2943641},
  langid  = {english},
}

@Article{Struchtrup2009,
  author  = {Taheri, Peyman and Torrilhon, Manuel and Struchtrup, Henning},
  title   = {Couette and Poiseuille microflows: analytical solutions for regularized 13-moment equations},
  journal = {Phys. Fluids},
  year    = {2009},
  volume  = {21},
  number  = {1},
  pages   = {017102},
  doi     = {10.1063/1.3064123},
  langid  = {english},
}

@Article{Agrawal2014,
  author    = {Singh, Narendra and Gavasane, Abhimanyu and Agrawal, Amit},
  title     = {Analytical solution of plane Couette flow in the transition regime and comparison with Direct Simulation Monte Carlo data},
  journal   = {Comput. Fluids},
  year      = {2014},
  volume    = {97},
  pages     = {177--187},
  doi       = {10.1016/j.compfluid.2014.03.032},
  langid    = {english},
  publisher = {Elsevier},
}

%%%%%%%%%%%%%%%%%%
%%%    DSMC    %%%
%%%%%%%%%%%%%%%%%%

@Article{Bird1963,
  author    = {Bird, G A},
  title     = {Approach to translational equilibrium in a rigid sphere gas},
  journal   = {Physics of Fluids},
  year      = {1963},
  volume    = {6},
  number    = {10},
  pages     = {1518--1519},
  doi       = {10.1063/1.1710976},
  langid    = {english},
  publisher = {AIP Publishing},
}

@Book{Vincenti1965,
  author     = {Vincenti, Walter Guido and Kruger, Charles H},
  title      = {Introduction to physical gas dynamics},
  year       = {1965},
  publisher  = {John Wiley \& Sons},
  location   = {New York},
  langid     = {english},
  totalpages = {538},
}

% VHS model

@Article{Bird1981vhs,
  author  = {Bird, G A},
  title   = {Monte-Carlo simulation in an engineering context},
  journal = {Progress in Astronautics and Aeronautics},
  year    = {1981},
  volume  = {74},
  pages   = {239--255},
  langid  = {english},
}

% VSS model

@Article{Koura1991,
  author    = {Koura, Katsuhisa and Matsumoto, Hiroaki},
  title     = {Variable soft sphere molecular model for inverse-power-law or Lennard-Jones potential},
  journal   = {Physics of Fluids A: Fluid Dynamics},
  year      = {1991},
  volume    = {3},
  number    = {10},
  pages     = {2459--2465},
  doi       = {10.1063/1.858184},
  langid    = {english},
  publisher = {AIP},
}

% no-time-counter scheme

@Article{Bird1989,
  author  = {Bird, Graeme Austin},
  title   = {Perception of numerical methods in rarefied gasdynamics},
  journal = {Progress in Astronautics and Aeronautics},
  year    = {1989},
  volume  = {117},
  pages   = {211--226},
  langid  = {english},
}

@Book{Bird1994,
  author    = {Bird, Graeme Austin},
  title     = {Molecular gas dynamics and the direct simulation of gas flows},
  year      = {1994},
  publisher = {Oxford University Press},
  location  = {Oxford},
  langid    = {english},
}

@Article{Leontovich1935,
  author  = {Леонтович, М А},
  title   = {Основные уравнения кинетической теории с точки зрения случайных процессов},
  journal = {ЖЭТФ},
  year    = {1935},
  volume  = {5},
  pages   = {3--5},
  langid  = {russian},
}

@Article{Kac1965,
  author    = {Кац, Марк},
  title     = {Вероятность и смежные вопросы в физике},
  year      = {1965},
  langid    = {russian},
  location  = {М.},
  publisher = {Мир},
}

@InCollection{Kac1973,
  author    = {Kac, Mark},
  title     = {Some probabilistic aspects of the Boltzmann equation},
  booktitle = {The Boltzmann Equation},
  year      = {1973},
  publisher = {Springer},
  pages     = {379--400},
  doi       = {10.1007/978-3-7091-8336-6_17},
  langid    = {english},
}

@Article{Wagner1992,
  author    = {Wagner, Wolfgang},
  title     = {A convergence proof for Bird's direct simulation Monte Carlo method for the Boltzmann equation},
  journal   = {Journal of Statistical Physics},
  year      = {1992},
  volume    = {66},
  number    = {3-4},
  pages     = {1011--1044},
  doi       = {10.1007/BF01055714},
  langid    = {english},
  publisher = {Springer},
}

@Article{Skorokhod1983,
  author    = {Скороход, Анатолий Владимирович},
  title     = {Стохастические уравнения для сложных систем},
  year      = {1983},
  pages     = {192},
  langid    = {russian},
  location  = {М.},
  publisher = {Наука},
}

@Article{Smirnov1989,
  author  = {Смирнов, С Н},
  title   = {К обоснованию одного стохастического метода решения уравнения Больцмана},
  journal = {Журнал вычислительной математики и математической физики},
  year    = {1989},
  volume  = {29},
  number  = {2},
  pages   = {270--276},
  doi     = {10.1016/0041-5553(89)90064-5},
  langid  = {russian},
}

@Article{Nanbu1980,
  author    = {Nanbu, Kenichi},
  title     = {Direct simulation scheme derived from the Boltzmann equation. I. Monocomponent gases},
  journal   = {Journal of the Physical Society of Japan},
  year      = {1980},
  volume    = {49},
  number    = {5},
  pages     = {2042--2049},
  doi       = {10.1143/JPSJ.49.2042},
  langid    = {english},
  publisher = {The Physical Society of Japan},
}

@Article{Babovsky1986,
  author    = {Babovsky, Hans},
  title     = {On a simulation scheme for the Boltzmann equation},
  journal   = {Mathematical methods in the applied sciences},
  year      = {1986},
  volume    = {8},
  number    = {1},
  pages     = {223--233},
  doi       = {10.1002/mma.1670080114},
  langid    = {english},
  publisher = {Wiley Online Library},
}

@Article{Babovsky1989,
  author    = {Babovsky, Hans and Illner, Reinhard},
  title     = {A convergence proof for Nanbu’s simulation method for the full Boltzmann equation},
  journal   = {SIAM journal on numerical analysis},
  year      = {1989},
  volume    = {26},
  number    = {1},
  pages     = {45--65},
  doi       = {10.1137/0726004},
  langid    = {english},
  publisher = {SIAM},
}

@Article{Yanitskij1975,
  author    = {Белоцерковский, Олег Михайлович and Яницкий, В Е},
  title     = {Статистический метод частиц в ячейках для решения задач динамики разреженного газа. I. Основы построения метода},
  journal   = {Журнал вычислительной математики и математической физики},
  year      = {1975},
  volume    = {15},
  number    = {5},
  pages     = {1195--1208},
  doi       = {10.1016/0041-5553(85)90027-8},
  langid    = {russian},
  publisher = {Российская академия наук, Отделение математических наук},
}

@Article{Ivanov1988,
  author    = {Иванов, Михаил Самуилович and Рогазинский, Сергей Валентинович},
  title     = {Сравнительный анализ алгоритмов метода прямого статистического моделирования в динамике разреженного газа},
  journal   = {Журнал вычислительной математики и математической физики},
  year      = {1988},
  volume    = {28},
  number    = {7},
  pages     = {1058--1070},
  doi       = {10.1016/0041-5553(88)90112-7},
  langid    = {russian},
  publisher = {Российская академия наук, Отделение математических наук},
}

@Article{Rjasanow1996,
  author    = {Rjasanow, Sergej and Wagner, Wolfgang},
  title     = {A stochastic weighted particle method for the Boltzmann equation},
  journal   = {Journal of Computational Physics},
  year      = {1996},
  volume    = {124},
  number    = {2},
  pages     = {243--253},
  doi       = {10.1006/jcph.1996.0057},
  langid    = {english},
  publisher = {Elsevier},
}

@Book{Rjasanow2005,
  author    = {Rjasanow, Sergej and Wagner, Wolfgang},
  title     = {Stochastic numerics for the Boltzmann equation},
  year      = {2005},
  publisher = {Springer},
  doi       = {10.1007/3-540-27689-0},
  langid    = {english},
}

%%%%%%%%%%%%%%%%%%%%%%%%%%%%%%%%%
%%% Hybrid stochastic methods %%%
%%%%%%%%%%%%%%%%%%%%%%%%%%%%%%%%%

@Article{Fan2001,
  author  = {Jing Fan and Ching Shen},
  title   = {Statistical Simulation of Low-Speed Rarefied Gas Flows},
  journal = {J. Comput. Phys.},
  year    = {2001},
  volume  = {167},
  number  = {2},
  pages   = {393--412},
  doi     = {10.1006/jcph.2000.6681},
  langid  = {english},
}

@Article{Sun2002,
  author    = {Sun, Quanhua and Boyd, Iain D},
  title     = {A direct simulation method for subsonic, microscale gas flows},
  journal   = {Journal of Computational Physics},
  year      = {2002},
  volume    = {179},
  number    = {2},
  pages     = {400--425},
  doi       = {10.1006/jcph.2002.7061},
  langid    = {english},
  publisher = {Elsevier},
}

@Article{Pareschi2001,
  author    = {Pareschi, Lorenzo and Russo, Giovanni},
  title     = {Time relaxed Monte Carlo methods for the Boltzmann equation},
  journal   = {SIAM Journal on Scientific Computing},
  year      = {2001},
  volume    = {23},
  number    = {4},
  pages     = {1253--1273},
  doi       = {10.1137/S1064827500375916},
  langid    = {english},
  publisher = {SIAM},
}

@Article{Pareschi2011,
  author    = {Dimarco, Giacomo and Pareschi, Lorenzo},
  title     = {Exponential Runge-Kutta methods for stiff kinetic equations},
  journal   = {SIAM Journal on Numerical Analysis},
  year      = {2011},
  volume    = {49},
  number    = {5},
  pages     = {2057--2077},
  doi       = {10.1137/100811052},
  langid    = {english},
  publisher = {SIAM},
}

@Article{Hadji2005,
  author    = {Baker, Lowell L and Hadjiconstantinou, Nicolas G},
  title     = {Variance reduction for Monte Carlo solutions of the Boltzmann equation},
  journal   = {Physics of Fluids},
  year      = {2005},
  volume    = {17},
  number    = {5},
  pages     = {051703},
  doi       = {10.1063/1.1899210},
  langid    = {english},
  publisher = {AIP Publishing},
}

@Article{Hadji2007,
  author  = {Homolle, Thomas MM and Hadjiconstantinou, Nicolas G},
  title   = {A low-variance deviational simulation Monte Carlo for the Boltzmann equation},
  journal = {Journal of Computational Physics},
  year    = {2007},
  volume  = {226},
  number  = {2},
  pages   = {2341--2358},
  doi     = {10.1016/j.jcp.2007.07.006},
  langid  = {english},
}

@Article{Hadji2011,
  author    = {Radtke, Gregg A and Hadjiconstantinou, Nicolas G and Wagner, Wolfgang},
  title     = {Low-noise Monte Carlo simulation of the variable hard sphere gas},
  journal   = {Physics of Fluids},
  year      = {2011},
  volume    = {23},
  number    = {3},
  pages     = {030606},
  doi       = {10.1063/1.3558887},
  langid    = {english},
  publisher = {AIP Publishing},
}

@Article{Wagner2008,
  author  = {Wagner, Wolfgang},
  title   = {Deviational particle Monte Carlo for the Boltzmann equation},
  journal = {Monte Carlo Methods and Applications},
  year    = {2008},
  volume  = {14},
  number  = {3},
  pages   = {191--268},
  doi     = {10.1515/MCMA.2008.010},
  langid  = {english},
}

@Article{Dimarco2011,
  author    = {Degond, Pierre and Dimarco, Giacomo and Pareschi, Lorenzo},
  title     = {The moment-guided Monte Carlo method},
  journal   = {International Journal for Numerical Methods in Fluids},
  year      = {2011},
  volume    = {67},
  number    = {2},
  pages     = {189--213},
  doi       = {10.1002/fld.2345},
  langid    = {english},
  publisher = {Wiley Online Library},
}

@Article{Dimarco2013,
  author  = {Giacomo Dimarco},
  title   = {The moment guided Monte Carlo method for the Boltzmann equation},
  journal = {Kinetic and Related Models},
  year    = {2013},
  volume  = {6},
  number  = {2},
  pages   = {291-315},
  doi     = {10.3934/krm.2013.6.291},
  langid  = {english},
}

@Article{Dimarco2008,
  author    = {Dimarco, Giacomo and Pareschi, Lorenzo},
  title     = {Hybrid multiscale methods II. Kinetic equations},
  journal   = {Multiscale Modeling \& Simulation},
  year      = {2008},
  volume    = {6},
  number    = {4},
  pages     = {1169--1197},
  doi       = {10.1137/070680916},
  langid    = {english},
  publisher = {SIAM},
}

@InProceedings{Caflisch2016,
  author       = {Caflisch, Russel E and Dimarco, Giacomo and Pareschi, Lorenzo},
  title        = {An hybrid method for the Boltzmann equation},
  booktitle    = {30TH INTERNATIONAL SYMPOSIUM ON RAREFIED GAS DYNAMICS},
  year         = {2016},
  volume       = {1786},
  number       = {1},
  organization = {AIP Publishing},
  pages        = {180001},
  doi          = {10.1063/1.4967670},
  langid       = {english},
}

%%%%%%%%%%%%%%%%%%%%%%%%%%%%%%%%%%%%%%%%%%%%
%%% Stochastic discrete-velocity methods %%%
%%%%%%%%%%%%%%%%%%%%%%%%%%%%%%%%%%%%%%%%%%%%

@Book{Chandrasekhar1950,
  author    = {Chandrasekhar, Subrahmanyan},
  title     = {Radiative transfer},
  year      = {1950},
  publisher = {Clarendon Press},
  location  = {Oxford},
  langid    = {english},
}

@Book{Chandrasekhar1953,
  author    = {Чандрасекар, С},
  title     = {Перенос лучистой энергии},
  year      = {1953},
  publisher = {ИЛ},
  langid    = {russian},
}

@TechReport{Nordsieck1966,
  author      = {Nordsieck, Arnold and Hicks, Bruce L},
  title       = {Monte Carlo evaluation of the Boltzmann collision integral},
  institution = {University of Illinois},
  year        = {1966},
  number      = {R-307},
  location    = {Urbana, Illinois},
  langid      = {english},
}

@Article{Haviland1965,
  author  = {Haviland, J K},
  title   = {The solution of two molecular flow problems by the Monte Carlo method},
  journal = {Methods in Computational Physics, Advances in Research and Applications},
  year    = {1965},
  volume  = {4},
  pages   = {109--209},
  langid  = {english},
}

@Article{Yen1984,
  author  = {Yen, S M},
  title   = {Numerical solution of the nonlinear Boltzmann equation for nonequilibrium gas flow problems},
  journal = {Annual Review of Fluid Mechanics},
  year    = {1984},
  volume  = {16},
  number  = {1},
  pages   = {67--97},
  doi     = {10.1146/annurev.fl.16.010184.000435},
  langid  = {english},
}

@Collection{Shidlovsky1970,
  editor       = {Шидловского, В П},
  title        = {Вычислительные методы в динамике разреженных газов},
  year         = {1969},
  translator   = {Лимара, Е Ф},
  origlanguage = {english},
  publisher    = {Мир},
  location     = {М.},
  langid       = {russian},
}

@Article{Buet1996,
  author    = {Buet, Christophe},
  title     = {A discrete-velocity scheme for the Boltzmann operator of rarefied gas dynamics},
  journal   = {Transport Theory and Statistical Physics},
  year      = {1996},
  volume    = {25},
  number    = {1},
  pages     = {33--60},
  doi       = {10.1080/00411459608204829},
  langid    = {english},
  publisher = {Taylor \& Francis},
}

%%%%%%%%%%%%%%%%%%%%%%%%%%%%%%%%
%%% Discrete-velocity models %%%
%%%%%%%%%%%%%%%%%%%%%%%%%%%%%%%%

@Book{Carleman1957,
  author    = {Carleman, Torsten},
  title     = {Problemes math{\'e}matiques dans la th{\'e}orie cin{\'e}tique de gaz},
  year      = {1957},
  volume    = {2},
  publisher = {Almqvist \& Wiksell},
  langid    = {french},
}

@Article{Broadwell1964shock,
  author    = {Broadwell, James E},
  title     = {Shock structure in a simple discrete velocity gas},
  journal   = {The Physics of Fluids},
  year      = {1964},
  volume    = {7},
  number    = {8},
  pages     = {1243--1247},
  doi       = {10.1063/1.1711368},
  langid    = {english},
  publisher = {AIP},
}

@Article{Broadwell1964shear,
  author    = {Broadwell, James E},
  title     = {Study of rarefied shear flow by the discrete velocity method},
  journal   = {Journal of Fluid Mechanics},
  year      = {1964},
  volume    = {19},
  number    = {03},
  pages     = {401--414},
  doi       = {10.1017/S0022112064000817},
  langid    = {english},
  publisher = {Cambridge Univ Press},
}

@Book{Gatignol1975,
  author    = {Gatignol, Ren{\'e}e},
  title     = {Th{\'e}orie cin{\'e}tique des gaz {\`a} r{\'e}partition discr{\`e}te de vitesses},
  year      = {1975},
  publisher = {Springer verlag},
  doi       = {10.1007/3-540-07156-3},
  langid    = {french},
}

@Misc{Cabannes1980,
  author       = {Cabannes, Henri},
  title        = {The discrete Boltzmann equation (Theory and applications)},
  year         = {1980},
  howpublished = {Lecture notes},
  institution  = {University of California at Berkeley},
  langid       = {english},
}

@Article{Sultangazin1971,
  author  = {Годунов, Сергей Константинович and Султангазин, У М},
  title   = {О дискретных моделях кинетического уравнения Больцмана},
  journal = {Успехи математических наук},
  year    = {1971},
  volume  = {26},
  number  = {159},
  issue   = {3},
  pages   = {3--51},
  doi     = {10.1070/RM1971v026n03ABEH003822},
  langid  = {russian},
}

@Article{Bobylev1999dvm,
  author    = {Bobylev, Alexander V and Cercignani, Carlo},
  title     = {Discrete velocity models without nonphysical invariants},
  journal   = {Journal of Statistical Physics},
  year      = {1999},
  volume    = {97},
  number    = {3},
  pages     = {677--686},
  doi       = {10.1023/A:1004615309058},
  langid    = {english},
  publisher = {Springer},
}

@Article{Goldstein1989,
  author  = {Goldstein, David and Sturtevant, Bradford and Broadwell, James E},
  title   = {Investigations of the motion of discrete-velocity gases},
  journal = {Progress in Astronautics and Aeronautics},
  year    = {1989},
  volume  = {117},
  pages   = {100--117},
  langid  = {english},
}

@Article{Inamuro1990,
  author    = {Inamuro, Takaji and Sturtevant, Bradford},
  title     = {Numerical study of discrete-velocity gases},
  journal   = {Physics of Fluids A: Fluid Dynamics},
  year      = {1990},
  volume    = {2},
  number    = {12},
  pages     = {2196--2203},
  doi       = {10.1063/1.857825},
  langid    = {english},
  publisher = {AIP},
}

@Article{Palczewski1997,
  author    = {Palczewski, Andrzej and Schneider, Jacques and Bobylev, Alexandre V},
  title     = {A consistency result for a discrete-velocity model of the Boltzmann equation},
  journal   = {SIAM journal on numerical analysis},
  year      = {1997},
  volume    = {34},
  number    = {5},
  pages     = {1865--1883},
  doi       = {10.1137/S0036142995289007},
  langid    = {english},
  publisher = {SIAM},
}

@Article{Palczewski1998,
  author    = {Palczewski, Andrzej and Schneider, Jacques},
  title     = {Existence, stability, and convergence of solutions of discrete velocity models to the Boltzmann equation},
  journal   = {Journal of statistical physics},
  year      = {1998},
  volume    = {91},
  number    = {1},
  pages     = {307--326},
  doi       = {10.1023/A:1023000406921},
  langid    = {english},
  publisher = {Springer},
}

@Article{Mischler1997,
  author    = {Mischler, St{\'e}phane},
  title     = {Convergence of discrete-velocity schemes for the Boltzmann equation},
  journal   = {Archive for Rational Mechanics and Analysis},
  year      = {1997},
  volume    = {140},
  number    = {1},
  pages     = {53--77},
  doi       = {10.1007/s002050050060},
  langid    = {english},
  publisher = {Springer},
}

@Article{Ramanujan1916,
  author  = {Ramanujan, Srinivasa},
  title   = {On certain arithmetical functions},
  journal = {Trans. Cambridge Philos. Soc},
  year    = {1916},
  volume  = {22},
  number  = {9},
  pages   = {159--184},
  langid  = {english},
}

% Carleman representation

@Article{Panferov2002,
  author    = {Panferov, Vladislav A and Heintz, Alexei G},
  title     = {A new consistent discrete-velocity model for the Boltzmann equation},
  journal   = {Mathematical methods in the applied sciences},
  year      = {2002},
  volume    = {25},
  number    = {7},
  pages     = {571--593},
  doi       = {10.1002/mma.303},
  langid    = {english},
  publisher = {Wiley Online Library},
}

% second-order O(m^2n^3\log{n}) for 2D Maxwell or 3D HS

@Article{Pareschi2013,
  author    = {Mouhot, Cl{\'e}ment and Pareschi, Lorenzo and Rey, Thomas},
  title     = {Convolutive decomposition and fast summation methods for discrete-velocity approximations of the Boltzmann equation},
  journal   = {ESAIM: Mathematical Modelling and Numerical Analysis},
  year      = {2013},
  volume    = {47},
  number    = {5},
  pages     = {1515--1531},
  doi       = {10.1051/m2an/2013078},
  langid    = {english},
  publisher = {EDP Sciences},
}

%%%%%%%%%%%%%%%%%%%%%%%%%%%%%%%%%%%%%%%%%
%%% Mollification of collision sphere %%%
%%%%%%%%%%%%%%%%%%%%%%%%%%%%%%%%%%%%%%%%%

% scheme is dependent of the distribution function

@Article{Buet1998,
  author    = {Buet, Christophe and Cordier, Stephane and Degond, Pierre},
  title     = {Regularized Boltzmann operators},
  journal   = {Computers \& Mathematics with Applications},
  year      = {1998},
  volume    = {35},
  number    = {1-2},
  pages     = {55--74},
  doi       = {10.1016/S0898-1221(97)00258-7},
  langid    = {english},
  publisher = {Elsevier},
}

%

@Article{Babovsky1998,
  author    = {Babovsky, Hans},
  title     = {Discretization and numerical schemes for steady kinetic model equations},
  journal   = {Computers \& Mathematics with Applications},
  year      = {1998},
  volume    = {35},
  number    = {1-2},
  pages     = {29--40},
  doi       = {10.1016/S0898-1221(97)00256-3},
  langid    = {english},
  publisher = {Elsevier},
}

% all quantities in the scheme are independent of the distribution function, but no H-theorem has been proved

@Article{Goersch1999,
  author    = {G{\"o}rsch, Daniel},
  title     = {Discrete model collision operators of Boltzmann type},
  journal   = {Journal of computational and applied mathematics},
  year      = {1999},
  volume    = {104},
  number    = {2},
  pages     = {145--162},
  doi       = {10.1016/S0377-0427(99)00050-3},
  langid    = {english},
  publisher = {Elsevier},
}

% have the same collision invariants as the original Boltzmann collision operator

@Article{Goersch2002,
  author    = {G{\"o}rsch, Daniel},
  title     = {Generalized discrete velocity models},
  journal   = {Mathematical Models and Methods in Applied Sciences},
  year      = {2002},
  volume    = {12},
  number    = {01},
  pages     = {49--75},
  doi       = {10.1142/S0218202502001544},
  langid    = {english},
  publisher = {World Scientific},
}

%%%%%%%%%%%%%%%%%%%%%%%%
%%% Spectral methods %%%
%%%%%%%%%%%%%%%%%%%%%%%%

% FFT for one-dimensional homogeneous Maxwell

@Article{Grigoriev1983,
  author    = {Григорьев, Юрий Николаевич and Михалицын, А Н},
  title     = {Спектральный метод численного решения кинетического уравнения Больцмана},
  journal   = {Журнал вычислительной математики и математической физики},
  year      = {1983},
  volume    = {23},
  number    = {6},
  pages     = {1454--1463},
  doi       = {10.1016/S0041-5553(83)80083-4},
  langid    = {russian},
  publisher = {Российская академия наук, Отделение математических наук},
}

@Article{Grigoriev1985,
  author    = {Григорьев, Юрий Николаевич and Михалицын, А Н},
  title     = {Численное исследование изотропной релаксации в газе с максвелловским взаимодействием},
  journal   = {Журнал вычислительной математики и математической физики},
  year      = {1985},
  volume    = {25},
  number    = {5},
  pages     = {742--756},
  doi       = {10.1016/0041-5553(85)90074-6},
  langid    = {russian},
  publisher = {Российская академия наук, Отделение математических наук},
}

% half-order O(n^4)

@InProceedings{Gabetta1994,
  author    = {Gabetta, Ester and Pareschi, Lorenzo},
  title     = {The Maxwell gas and its Fourier transform towards a numerical approximation},
  booktitle = {Waves and Stability in Continuous Media (Bologna, 1993), Ser. Adv. Math. Appl. Sci.},
  year      = {1994},
  publisher = {World Scientific Publishing},
  location  = {River Edge, NJ},
  pages     = {197--201},
  langid    = {english},
}

% introduction of spectral method

@Article{Pareschi1996,
  author    = {Pareschi, Lorenzo and Perthame, Beno{^i}t},
  title     = {A Fourier spectral method for homogeneous Boltzmann equations},
  journal   = {Transport Theory and Statistical Physics},
  year      = {1996},
  volume    = {25},
  number    = {3-5},
  pages     = {369--382},
  doi       = {10.1080/00411459608220707},
  langid    = {english},
  publisher = {Taylor \& Francis},
}

% half-order O(n^4) asymptotically conservative / conservative non-entropic

@Article{Rjasanow1997,
  author    = {Bobylev, A V and Rjasanow, S},
  title     = {Difference scheme for the Boltzmann equation based on the Fast Fourier Transform},
  journal   = {European journal of mechanics B/Fluids},
  year      = {1997},
  volume    = {16},
  number    = {2},
  pages     = {293--306},
  doi       = {10.1080/00411450008205876},
  langid    = {english},
  publisher = {Elsevier Masson},
}

% second-order O(n^6\log{n}) only HS using Radon transform (Received 23 Sept 1998)

@Article{Rjasanow1999,
  author    = {Bobylev, AV and Rjasanow, S},
  title     = {Fast deterministic method of solving the Boltzmann equation for hard spheres},
  journal   = {European Journal of Mechanics B/Fluids},
  year      = {1999},
  volume    = {18},
  number    = {5},
  pages     = {869--887},
  doi       = {10.1016/S0997-7546(99)00121-1},
  langid    = {english},
  publisher = {Elsevier},
}

% % half-order O(n^4) fully conservative (Received 05 Oct 1998)

@Article{Rjasanow2000,
  author    = {Bobylev, A V and Rjasanow, S},
  title     = {Numerical solution of the Boltzmann equation using a fully conservative difference scheme based on the fast Fourier transform},
  journal   = {Transport Theory and Statistical Physics},
  year      = {2000},
  volume    = {29},
  number    = {3-5},
  pages     = {289--310},
  doi       = {10.1080/00411450008205876},
  langid    = {english},
  publisher = {Taylor \& Francis},
}

% second-order O(n^6\log{n}) for the most general model, O(n^6) for VHS

@Article{Ibragimov2002,
  author    = {Ibragimov, Ilgis and Rjasanow, Sergej},
  title     = {Numerical solution of the Boltzmann equation on the uniform grid},
  journal   = {Computing},
  year      = {2002},
  volume    = {69},
  number    = {2},
  pages     = {163--186},
  doi       = {10.1007/s00607-002-1458-9},
  langid    = {english},
  publisher = {Springer},
}

@Article{Pareschi2000stability,
  author    = {Pareschi, Lorenzo and Russo, Giovanni},
  title     = {On the stability of spectral methods for the homogeneous Boltzmann equation},
  journal   = {Transport Theory and Statistical Physics},
  year      = {2000},
  volume    = {29},
  number    = {3-5},
  pages     = {431--447},
  doi       = {10.1080/00411450008205883},
  langid    = {english},
  publisher = {Taylor \& Francis},
}

% spectral O(n^6) for VHS

@Article{Pareschi2000method,
  author    = {Pareschi, Lorenzo and Russo, Giovanni},
  title     = {Numerical solution of the Boltzmann equation I: Spectrally accurate approximation of the collision operator},
  journal   = {SIAM journal on numerical analysis},
  year      = {2000},
  volume    = {37},
  number    = {4},
  pages     = {1217--1245},
  publisher = {SIAM},
}

@Article{Pareschi2004,
  author    = {Mouhot, Cl{\'e}ment and Pareschi, Lorenzo},
  title     = {Fast methods for the Boltzmann collision integral},
  journal   = {Comptes Rendus Mathematique},
  year      = {2004},
  volume    = {339},
  number    = {1},
  pages     = {71--76},
  doi       = {10.1016/j.crma.2004.04.010},
  langid    = {english},
  publisher = {Elsevier},
}

% spectral O(m^2n^3\log{n}) for HS

@Article{Pareschi2006,
  author  = {Mouhot, Cl{\'e}ment and Pareschi, Lorenzo},
  title   = {Fast algorithms for computing the Boltzmann collision operator},
  journal = {Mathematics of computation},
  year    = {2006},
  volume  = {75},
  number  = {256},
  pages   = {1833--1852},
  doi     = {10.1090/S0025-5718-06-01874-6},
  langid  = {english},
}

% inhomogeneous + examples

@Article{Filbet2006,
  author    = {Filbet, Francis and Mouhot, Cl{\'e}ment and Pareschi, Lorenzo},
  title     = {Solving the Boltzmann equation in $Nlog_2N$},
  journal   = {SIAM Journal on Scientific Computing},
  year      = {2006},
  volume    = {28},
  number    = {3},
  pages     = {1029--1053},
  doi       = {10.1137/050625175},
  langid    = {english},
  publisher = {SIAM},
}

% Lagrangian correction + inelastic collisions

@Article{Gamba2009,
  author    = {Gamba, Irene M and Tharkabhushanam, Sri Harsha},
  title     = {Spectral-Lagrangian methods for collisional models of non-equilibrium statistical states},
  journal   = {Journal of Computational Physics},
  year      = {2009},
  volume    = {228},
  number    = {6},
  pages     = {2012--2036},
  doi       = {10.1016/j.jcp.2008.09.033},
  langid    = {english},
  publisher = {Elsevier},
}

% asymptotic stability for nonpositive schemes

@Article{Filbet2011,
  author  = {Filbet, Francis and Mouhot, Cl{\'e}ment},
  title   = {Analysis of spectral methods for the homogeneous Boltzmann equation},
  journal = {Transactions of the american mathematical society},
  year    = {2011},
  volume  = {363},
  number  = {4},
  pages   = {1947--1980},
  doi     = {10.1090/S0002-9947-2010-05303-6},
  langid  = {english},
}

%%%%%%%%%%%%%%%%%%%%%%%%%%%%%%%
%%% Other numerical methods %%%
%%%%%%%%%%%%%%%%%%%%%%%%%%%%%%%

@Article{Ender1970,
  author  = {Эндер, И А and Эндер, А Я},
  title   = {Об одном представлении уравнения Больцмана},
  journal = {Докл. АН СССР},
  year    = {1970},
  volume  = {193},
  number  = {1},
  pages   = {61--64},
  langid  = {russian},
}

% Hermite polynomials

@Article{Chorin1972,
  author    = {Chorin, Alexandre Joel},
  title     = {Numerical solution of Boltzmann's equation},
  journal   = {Communications on Pure and Applied Mathematics},
  year      = {1972},
  volume    = {25},
  number    = {2},
  pages     = {171--186},
  doi       = {10.1002/cpa.3160250207},
  langid    = {english},
  publisher = {Wiley Online Library},
}

@Article{Sod1977,
  author    = {Sod, Gary A},
  title     = {A numerical study of a converging cylindrical shock},
  journal   = {Journal of fluid mechanics},
  year      = {1977},
  volume    = {83},
  number    = {04},
  pages     = {785--794},
  doi       = {10.1017/S0022112077001463},
  langid    = {english},
  publisher = {Cambridge Univ Press},
}

@Article{Limar1973,
  author    = {Лимар, Евгений Фёдорович},
  title     = {О численном решении уравнения Больцмана},
  journal   = {Журнал вычислительной математики и математической физики},
  year      = {1973},
  volume    = {13},
  number    = {6},
  pages     = {1573--1580},
  doi       = {10.1016/0041-5553(73)90018-9},
  langid    = {russian},
  publisher = {Российская академия наук, Отделение математических наук},
}

@Article{Majorana2011,
  author  = {Majorana, Armando},
  title   = {A numerical model of the Boltzmann equation related to the discontinuous Galerkin method},
  journal = {Kinetic and Related Models},
  year    = {2011},
  volume  = {4},
  number  = {1},
  pages   = {139--151},
  doi     = {10.3934/krm.2011.4.139},
  langid  = {english},
}

%%%%%%%%%%%%%%%%%%%%%%%%%%%%
%%%   Nonuniform grids   %%%
%%%%%%%%%%%%%%%%%%%%%%%%%%%%

% Node-to-Closest-Nodes scheme, Korobov rules, polynomial correction to conserve laws

@Article{Kolobov2007,
  author    = {Kolobov, VI and Arslanbekov, RR and Aristov, VV and Frolova, AA and Zabelok, Sergey A},
  title     = {Unified solver for rarefied and continuum flows with adaptive mesh and algorithm refinement},
  journal   = {Journal of Computational Physics},
  year      = {2007},
  volume    = {223},
  number    = {2},
  pages     = {589--608},
  doi       = {10.1016/j.jcp.2006.09.021},
  langid    = {english},
  publisher = {Elsevier},
}

@Article{Heintz2008,
  author    = {Heintz, Alexei and Kowalczyk, Piotr and Grzhibovskis, Richards},
  title     = {Fast numerical method for the Boltzmann equation on non-uniform grids},
  journal   = {Journal of Computational Physics},
  year      = {2008},
  volume    = {227},
  number    = {13},
  pages     = {6681--6695},
  doi       = {10.1016/j.jcp.2008.03.028},
  langid    = {english},
  publisher = {Elsevier},
}

@Article{Morris2011,
  author    = {Morris, AB and Varghese, PL and Goldstein, DB},
  title     = {Monte Carlo solution of the Boltzmann equation via a discrete velocity model},
  journal   = {Journal of Computational Physics},
  year      = {2011},
  volume    = {230},
  number    = {4},
  pages     = {1265--1280},
  doi       = {10.1016/j.jcp.2010.10.037},
  langid    = {english},
  publisher = {Elsevier},
}

@InProceedings{Morris2012,
  author       = {Clarke, P and Varghese, P and Goldstein, D and Morris, A and Bauman, P and Hegermiller, D and Mareschal, Michel and Santos, Andr{\'e}s},
  title        = {A novel discrete velocity method for solving the Boltzmann equation including internal energy and non-uniform grids in velocity space},
  booktitle    = {AIP Conference Proceedings},
  year         = {2012},
  volume       = {1501},
  number       = {1},
  organization = {AIP},
  pages        = {373--380},
  doi          = {10.1063/1.4769545},
  langid       = {english},
}

% multipoint projection, polynomial correction to preserve positivity, variance reduction

@Article{Kolobov2013,
  author    = {Arslanbekov, Robert R and Kolobov, Vladimir I and Frolova, Anna A},
  title     = {Kinetic solvers with adaptive mesh in phase space},
  journal   = {Physical Review E},
  year      = {2013},
  volume    = {88},
  number    = {6},
  pages     = {063301},
  doi       = {10.1103/PhysRevE.88.063301},
  langid    = {english},
  publisher = {APS},
}

%%%%%%%%%%%%%% for BGK %%%%%%%%%%%%%%

% adaptive steady grid for 1d BGK

@Article{Aristov1977,
  author    = {Аристов, Владимир Владимирович},
  title     = {Метод переменных сеток в пространстве скоростей в задаче о сильном скачке уплотнения},
  journal   = {Журнал вычислительной математики и математической физики},
  year      = {1977},
  volume    = {17},
  number    = {4},
  pages     = {1081--1086},
  doi       = {10.1016/0041-5553(77)90129-X},
  langid    = {russian},
  publisher = {Российская академия наук, Отделение математических наук},
}

% adaptive unsteady grid for 1d BGK

@Article{Brull2014,
  author    = {Brull, St{\'e}phane and Mieussens, Luc},
  title     = {Local discrete velocity grids for deterministic rarefied flow simulations},
  journal   = {Journal of Computational Physics},
  year      = {2014},
  volume    = {266},
  pages     = {22--46},
  doi       = {10.1016/j.jcp.2014.01.050},
  langid    = {english},
  publisher = {Elsevier},
}

@Article{Baranger2014,
  author    = {Baranger, C{\'e}line and Claudel, Jean and H{\'e}rouard, Nicolas and Mieussens, Luc},
  title     = {Locally refined discrete velocity grids for stationary rarefied flow simulations},
  journal   = {Journal of Computational Physics},
  year      = {2014},
  volume    = {257},
  pages     = {572--593},
  doi       = {10.1016/j.jcp.2013.10.014},
  langid    = {english},
  publisher = {Elsevier},
}

%%%%%%%%%%%%%%%%%%%%%%%%%%%%%%%%
%%% Time integration schemes %%%
%%%%%%%%%%%%%%%%%%%%%%%%%%%%%%%%

@Article{Strang1968,
  author    = {Strang, Gilbert},
  title     = {On the construction and comparison of difference schemes},
  journal   = {SIAM Journal on Numerical Analysis},
  year      = {1968},
  volume    = {5},
  number    = {3},
  pages     = {506--517},
  doi       = {10.1137/0705041},
  langid    = {english},
  publisher = {SIAM},
}

@Article{Pullin1980,
  author    = {Pullin, DI},
  title     = {Direct simulation methods for compressible inviscid ideal-gas flow},
  journal   = {Journal of Computational Physics},
  year      = {1980},
  volume    = {34},
  number    = {2},
  pages     = {231--244},
  doi       = {10.1016/0021-9991(80)90107-2},
  langid    = {english},
  publisher = {Elsevier},
}

@Article{Ohwada1993,
  author    = {Ohwada, Taku},
  title     = {Structure of normal shock waves: Direct numerical analysis of the Boltzmann equation for hard-sphere molecules},
  journal   = {Physics of Fluids A: Fluid Dynamics},
  year      = {1993},
  volume    = {5},
  number    = {1},
  pages     = {217--234},
  doi       = {10.1063/1.858777},
  langid    = {english},
  publisher = {AIP},
}

@Article{Desvillettes1996,
  author    = {Desvillettes, Laurent and Mischler, St{\'e}phane},
  title     = {About the splitting algorithm for Boltzmann and BGK equations},
  journal   = {Mathematical Models and Methods in Applied Sciences},
  year      = {1996},
  volume    = {6},
  number    = {08},
  pages     = {1079--1101},
  doi       = {10.1142/S0218202596000444},
  langid    = {english},
  publisher = {World Scientific},
}

@Article{Bobylev2001,
  author    = {Bobylev, Alexander V and Ohwada, Taku},
  title     = {The error of the splitting scheme for solving evolutionary equations},
  journal   = {Applied Mathematics Letters},
  year      = {2001},
  volume    = {14},
  number    = {1},
  pages     = {45--48},
  doi       = {10.1016/S0893-9659(00)00110-5},
  langid    = {english},
  publisher = {Elsevier},
}

@Article{Pareschi2005,
  author    = {Pareschi, Lorenzo and Russo, Giovanni},
  title     = {Implicit-explicit Runge-Kutta schemes and applications to hyperbolic systems with relaxation},
  journal   = {Journal of Scientific computing},
  year      = {2005},
  volume    = {25},
  number    = {1-2},
  pages     = {129--155},
  doi       = {10.1007/BF02728986},
  langid    = {english},
  publisher = {Springer},
}


%%%%%%%%%%%%%%%%%%%%%%%%%%%%%%%%%%%%%%%%%%%
%%% Existence and Uniqueness for cutoff %%%
%%%%%%%%%%%%%%%%%%%%%%%%%%%%%%%%%%%%%%%%%%%

@Article{Grad1965,
  author    = {Grad, Harold},
  title     = {On Boltzmann’s H-theorem},
  journal   = {Journal of the Society for Industrial and Applied Mathematics},
  year      = {1965},
  volume    = {13},
  number    = {1},
  pages     = {259--277},
  doi       = {10.1137/0113016},
  langid    = {english},
  publisher = {SIAM},
}

@Article{Carleman1933,
  author    = {Carleman, Torsten},
  title     = {Sur la th{\'e}orie de l'{\'e}quation int{\'e}grodiff{\'e}rentielle de Boltzmann},
  journal   = {Acta Mathematica},
  year      = {1933},
  volume    = {60},
  number    = {1},
  pages     = {91--146},
  doi       = {10.1007/BF02398270},
  langid    = {french},
  publisher = {Springer},
}

@Article{Morgenstern1954,
  author    = {Morgenstern, Dietrich},
  title     = {General existence and uniqueness proof for spatially homogeneous solutions of the Maxwell-Boltzmann equation in the case of Maxwellian molecules},
  journal   = {Proceedings of the National Academy of Sciences},
  year      = {1954},
  volume    = {40},
  number    = {8},
  pages     = {719--721},
  langid    = {english},
  publisher = {National Acad Sciences},
}

@Article{Povzner1962,
  author  = {Повзнер, Александр Яковлевич},
  title   = {Об уравнении Больцмана кинетической теории газов},
  journal = {Математический сборник},
  year    = {1962},
  volume  = {58},
  number  = {1},
  pages   = {65--86},
  langid  = {russian},
}

@Article{Arkeryd1972,
  author    = {Arkeryd, Leif},
  title     = {On the Boltzmann equation},
  journal   = {Archive for Rational Mechanics and Analysis},
  year      = {1972},
  volume    = {45},
  number    = {1},
  pages     = {1--16},
  doi       = {10.1007/BF00253392},
  langid    = {english},
  publisher = {Springer},
}

@Article{Arkeryd1981,
  author    = {Arkeryd, Leif},
  title     = {Intermolecular forces of infinite range and the Boltzmann equation},
  journal   = {Archive for Rational Mechanics and Analysis},
  year      = {1981},
  volume    = {77},
  number    = {1},
  pages     = {11--21},
  doi       = {10.1007/BF00280403},
  langid    = {english},
  publisher = {Springer},
}

@Article{Goudon1997,
  author    = {Goudon, T},
  title     = {On Boltzmann equations and Fokker--Planck asymptotics: Influence of grazing collisions},
  journal   = {Journal of statistical physics},
  year      = {1997},
  volume    = {89},
  number    = {3},
  pages     = {751--776},
  doi       = {10.1007/BF02765543},
  langid    = {english},
  publisher = {Springer},
}

@Article{Villani1998,
  author    = {Villani, C{\'e}dric},
  title     = {On a new class of weak solutions to the spatially homogeneous Boltzmann and Landau equations},
  journal   = {Archive for rational mechanics and analysis},
  year      = {1998},
  volume    = {143},
  number    = {3},
  pages     = {273--307},
  doi       = {10.1007/s002050050106},
  langid    = {english},
  publisher = {Springer},
}

@Article{Caflisch1980a,
  author    = {Caflisch, Russel E},
  title     = {The Boltzmann equation with a soft potential. I. Linear, spatially-homogeneous},
  journal   = {Communications in Mathematical Physics},
  year      = {1980},
  volume    = {74},
  number    = {1},
  pages     = {71--95},
  doi       = {10.1007/BF01197579},
  langid    = {english},
  publisher = {Springer},
}

@Article{Mischler1999,
  author       = {Mischler, St{\'e}phane and Wennberg, Bernst},
  title        = {On the spatially homogeneous Boltzmann equation},
  journal      = {Annales de l'Institut Henri Poincare (C) Non Linear Analysis},
  year         = {1999},
  volume       = {16},
  number       = {4},
  pages        = {467--501},
  doi          = {10.1016/S0294-1449(99)80025-0},
  langid       = {english},
  organization = {Elsevier},
}

@Article{Wennberg1999,
  author    = {Wennberg, Bernt},
  title     = {An example of nonuniqueness for solutions to the homogeneous Boltzmann equation},
  journal   = {Journal of statistical physics},
  year      = {1999},
  volume    = {95},
  number    = {1},
  pages     = {469--477},
  doi       = {10.1023/A:1004546031908},
  langid    = {english},
  publisher = {Springer},
}

%%%%%%%%%%%%%%%%%%%%%%%%%%%%%%%%%%%%
%%% Space-homogeneous properties %%%
%%%%%%%%%%%%%%%%%%%%%%%%%%%%%%%%%%%%

@Article{Arkeryd1987,
  author    = {Arkeryd, L and Esposito, R and Pulvirenti, M},
  title     = {The Boltzmann equation for weakly inhomogeneous data},
  journal   = {Communications in Mathematical Physics},
  year      = {1987},
  volume    = {111},
  number    = {3},
  pages     = {393--407},
  doi       = {10.1007/BF01238905},
  langid    = {english},
  publisher = {Springer},
}

@Article{Arseniev1990,
  author  = {Арсеньев, Алексей Алексеевич and Буряк, Ольга Евгеньевна},
  title   = {О связи между решением уравнения Больцмана и решением уравнения Ландау--Фоккера--Планка},
  journal = {Математический сборник},
  year    = {1990},
  volume  = {181},
  number  = {4},
  pages   = {435--446},
  doi     = {10.1070/SM1991v069n02ABEH001244},
  langid  = {russian},
}

%%% Lower bound (positivity)

@Article{Pulvirenti1996,
  author    = {Pulvirenti, Ada and Wennberg, Bernt},
  title     = {Lower bounds for the solutions to the Kac and the Boltzmann equation},
  journal   = {Transport Theory and Statistical Physics},
  year      = {1996},
  volume    = {25},
  number    = {3-5},
  pages     = {437--446},
  doi       = {10.1080/00411459608220712},
  langid    = {english},
  publisher = {Taylor \& Francis},
}

@Article{Pulvirenti1997,
  author    = {Pulvirenti, Ada and Wennberg, Bernt},
  title     = {A Maxwellian lower bound for solutions to the Boltzmann equation},
  journal   = {Communications in mathematical physics},
  year      = {1997},
  volume    = {183},
  number    = {1},
  pages     = {145--160},
  doi       = {10.1007/BF02509799},
  langid    = {english},
  publisher = {Springer},
}

%%% Propagation of smoothness

@Article{Carlen1999,
  author    = {Carlen, Eric A and Gabetta, Ester and Toscani, Guiseppe},
  title     = {Propagation of smoothness and the rate of exponential convergence to equilibrium for a spatially homogeneous Maxwellian gas},
  journal   = {Communications in mathematical physics},
  year      = {1999},
  volume    = {199},
  number    = {3},
  pages     = {521--546},
  publisher = {Springer},
}

@Article{Mouhot2004,
  author    = {Mouhot, Cl{\'e}ment and Villani, C{\'e}dric},
  title     = {Regularity theory for the spatially homogeneous Boltzmann equation with cut-off},
  journal   = {Archive for rational mechanics and analysis},
  year      = {2004},
  volume    = {173},
  number    = {2},
  pages     = {169--212},
  doi       = {10.1007/s00205-004-0316-7},
  langid    = {english},
  publisher = {Springer},
}

%%% Propagation of upper Maxwellian bound

@Article{Gamba2009upper,
  author    = {Gamba, I M and Panferov, V and Villani, C},
  title     = {Upper Maxwellian bounds for the spatially homogeneous Boltzmann equation},
  journal   = {Archive for rational mechanics and analysis},
  year      = {2009},
  volume    = {194},
  number    = {1},
  pages     = {253--282},
  doi       = {10.1007/s00205-009-0250-9},
  langid    = {english},
  publisher = {Springer},
}

@Article{Bobylev2017,
  author  = {Bobylev, Alexander V and Gamba, Irene M},
  title   = {Upper Maxwellian bounds for the Boltzmann equation with pseudo-Maxwell molecules},
  journal = {Kinetic and Related Models},
  year    = {2017},
  volume  = {10},
  number  = {3},
  pages   = {573--585},
  doi     = {10.3934/krm.2017023},
  langid  = {english},
}

%%%%%%%%%%%%%%%%%%%%%%%%%%%%%%%
%%% Cercignani's conjecture %%%
%%%%%%%%%%%%%%%%%%%%%%%%%%%%%%%

@Article{Krasovskii1959,
  author    = {Красовский, Николай Николаевич},
  title     = {Некоторые задачи теории устойчивости движения},
  year      = {1959},
  pages     = {211},
  publisher = {Физматгиз},
}

@Article{Cercignani1982,
  author  = {Cercignani, Carlo},
  title   = {H-theorem and trend to equilibrium in the kinetic theory of gases},
  journal = {Archiv of Mechanics},
  year    = {1982},
  volume  = {34},
  pages   = {231--241},
  langid  = {english},
}

@Article{Bobylev1999,
  author    = {Bobylev, Alexander V and Cercignani, Carlo},
  title     = {On the rate of entropy production for the Boltzmann equation},
  journal   = {Journal of statistical physics},
  year      = {1999},
  volume    = {94},
  number    = {3-4},
  pages     = {603--618},
  doi       = {10.1023/A:1004556522879},
  langid    = {english},
  publisher = {Springer},
}

@Article{Toscani1999,
  author    = {Toscani, Guiseppe and Villani, C},
  title     = {Sharp entropy dissipation bounds and explicit rate of trend to equilibrium for the spatially homogeneous Boltzmann equation},
  journal   = {Communications in mathematical physics},
  year      = {1999},
  volume    = {203},
  number    = {3},
  pages     = {667--706},
  doi       = {10.1007/s002200050631},
  langid    = {english},
  publisher = {Springer},
}

@Article{Toscani2000,
  author    = {Toscani, Guiseppe and Villani, C{\'e}dric},
  title     = {On the trend to equilibrium for some dissipative systems with slowly increasing a priori bounds},
  journal   = {Journal of Statistical Physics},
  year      = {2000},
  volume    = {98},
  number    = {5-6},
  pages     = {1279--1309},
  doi       = {10.1023/A:1018623930325},
  langid    = {english},
  publisher = {Springer},
}

@Article{Villani2003,
  author    = {Villani, C{\'e}dric},
  title     = {Cercignani's conjecture is sometimes true and always almost true},
  journal   = {Communications in mathematical physics},
  year      = {2003},
  volume    = {234},
  number    = {3},
  pages     = {455--490},
  doi       = {10.1007/s00220-002-0777-1},
  langid    = {english},
  publisher = {Springer},
}

@Article{Desvillettes2011,
  author  = {Desvillettes, Laurent and Mouhot, Cl{\'e}ment and Villani, C{\'e}dric},
  title   = {Celebrating Cercignani's conjecture for the Boltzmann equation},
  journal = {Kinetic and related models},
  year    = {2011},
  volume  = {4},
  number  = {1},
  pages   = {277--294},
  doi     = {10.3934/krm.2011.4.277},
  langid  = {english},
}

%%%%%%%%%%%%%%%%%%%%%%%%%%%%%%%%%%
%%% Convergence to equilibrium %%%
%%%%%%%%%%%%%%%%%%%%%%%%%%%%%%%%%%

% existence theory for linearized BE

@InProceedings{Grad1963b,
  author    = {Grad, Harold},
  title     = {Asymptotic theory of the Boltzmann equation II},
  booktitle = {Rarefied Gas Dynamics. Proc. of the 3rd Intern. Sympos.},
  year      = {1963},
  volume    = {1},
  location  = {Palais de l’UNESCO, Paris},
  pages     = {26--59},
  langid    = {english},
}

@Article{Arkeryd1988,
  author    = {Arkeryd, Leif},
  title     = {Stability in L1 for the spatially homogenous Boltzmann equation},
  journal   = {Archive for Rational Mechanics and Analysis},
  year      = {1988},
  volume    = {103},
  number    = {2},
  pages     = {151--167},
  doi       = {10.1007/BF00251506},
  langid    = {english},
  publisher = {Springer},
}

@Article{Baranger2005,
  author    = {Baranger, C{\'e}line and Mouhot, Cl{\'e}ment},
  title     = {Explicit spectral gap estimates for the linearized Boltzmann and Landau operators with hard potentials},
  journal   = {Revista Matem{\'a}tica Iberoamericana},
  year      = {2005},
  volume    = {21},
  number    = {3},
  pages     = {819--841},
  doi       = {10.4171/RMI/436},
  langid    = {english},
  publisher = {Departamento de Matem{\'a}ticas, Universidad Aut{\'o}noma de Madrid},
}

@Article{Mouhot2006,
  author    = {Mouhot, Cl{\'e}ment},
  title     = {Rate of convergence to equilibrium for the spatially homogeneous Boltzmann equation with hard potentials},
  journal   = {Communications in mathematical physics},
  year      = {2006},
  volume    = {261},
  number    = {3},
  pages     = {629--672},
  doi       = {10.1007/s00220-005-1455-x},
  langid    = {english},
  publisher = {Springer},
}

@Article{Mouhot2006soft,
  author    = {Mouhot, Cl{\'e}ment},
  title     = {Explicit coercivity estimates for the linearized Boltzmann and Landau operators},
  journal   = {Communications in Partial Differential Equations},
  year      = {2006},
  volume    = {31},
  number    = {9},
  pages     = {1321--1348},
  doi       = {10.1080/03605300600635004},
  langid    = {english},
  publisher = {Taylor \& Francis},
}

% Carlen1999 -- with cutoff

@Article{Carlen2003,
  author    = {Carlen, Eric A and Lu, Xuguang},
  title     = {Fast and slow convergence to equilibrium for Maxwellian molecules via Wild sums},
  journal   = {Journal of statistical physics},
  year      = {2003},
  volume    = {112},
  number    = {1-2},
  pages     = {59--134},
  doi       = {10.1023/A:1023623503092},
  langid    = {english},
  publisher = {Springer},
}

@Article{Carlen2009,
  author    = {Carlen, Eric A and Carvalho, Maria C and Lu, Xuguang},
  title     = {On strong convergence to equilibrium for the Boltzmann equation with soft potentials},
  journal   = {Journal of Statistical Physics},
  year      = {2009},
  volume    = {135},
  number    = {4},
  pages     = {681--736},
  doi       = {10.1007/s10955-009-9741-1},
  langid    = {english},
  publisher = {Springer},
}

%%%%%%%%%%%%%%%%%%%%%%%%%%%%%%%%%%%%%
%%% Non-cutoff homogeneous theory %%%
%%%%%%%%%%%%%%%%%%%%%%%%%%%%%%%%%%%%%

@Article{Pao1974,
  author    = {Pao, Young-Ping},
  title     = {Boltzmann collision operator with inverse-power intermolecular potentials, I},
  journal   = {Communications on Pure and Applied Mathematics},
  year      = {1974},
  volume    = {27},
  number    = {4},
  pages     = {407--428},
  doi       = {10.1002/cpa.3160270402},
  langid    = {english},
  publisher = {Wiley Online Library},
}

@Article{Desvillettes1995,
  author    = {Desvillettes, Laurent},
  title     = {About the regularizing properties of the non-cut-off Kac equation},
  journal   = {Communications in Mathematical Physics},
  year      = {1995},
  volume    = {168},
  number    = {2},
  pages     = {417--440},
  doi       = {10.1007/BF02101556},
  langid    = {english},
  publisher = {Springer},
}

@Article{Alexandre1998,
  author    = {Alexandre, Radjesvarane},
  title     = {Sur le taux de dissipation d'entropie sans troncature angulaire},
  journal   = {Comptes Rendus de l'Acad{\'e}mie des Sciences-Series I-Mathematics},
  year      = {1998},
  volume    = {326},
  number    = {3},
  pages     = {311--315},
  doi       = {10.1016/S0764-4442(97)82986-2},
  langid    = {french},
  publisher = {Elsevier},
}

@Article{Lions1998,
  author    = {Lions, Pierre-Louis},
  title     = {R{\'e}gularit{\'e} et compacit{\'e} pour des noyaux de collision de Boltzmann sans troncature angulaire},
  journal   = {Comptes Rendus de l'Acad{\'e}mie des Sciences - Series I - Mathematics},
  year      = {1998},
  volume    = {326},
  number    = {1},
  pages     = {37--41},
  doi       = {10.1007/10.1016/S0764-4442(97)82709-7},
  langid    = {french},
  publisher = {Elsevier},
}

% review

@Article{Bobylev1984,
  author  = {Бобылев, Александр Васильевич},
  title   = {Точные решения нелинейного уравнения Больцмана и теория релаксации максвелловского газа},
  journal = {Теоретическая и математическая физика},
  year    = {1984},
  volume  = {60},
  number  = {2},
  pages   = {280--310},
  doi     = {10.1007/BF01018983},
  langid  = {russian},
}

@Article{Alexandre2000,
  author    = {Alexandre, Radjesvarane and Desvillettes, Laurent and Villani, C{\'e}dric and Wennberg, Bernt},
  title     = {Entropy dissipation and long-range interactions},
  journal   = {Archive for rational mechanics and analysis},
  year      = {2000},
  volume    = {152},
  number    = {4},
  pages     = {327--355},
  doi       = {10.1007/s002050000083},
  langid    = {english},
  publisher = {Springer},
}

@Article{Desvillettes2005,
  author  = {Desvillettes, Laurent and Wennberg, Bernt},
  title   = {Smoothness of the solution of the spatially homogeneous Boltzmann equation without cutoff},
  journal = {Communications in Partial Differential Equations},
  year    = {2005},
  volume  = {29},
  number  = {1-2},
  pages   = {133-155},
  doi     = {10.1081/PDE-120028847},
  langid  = {english},
}

% global uniqueness for \gamma+\nu > 0, \nu < 1 (moderate angular singularity)
% local uniqueness for \gamma+\nu > -1, \nu < 1
% in W^{1,1}_2 -- more regularity, Fournier2009 -- more localization

@Article{Mouhot2009,
  author    = {Desvillettes, Laurent and Mouhot, Cl{\'e}ment},
  title     = {Stability and uniqueness for the spatially homogeneous Boltzmann equation with long-range interactions},
  journal   = {Archive for rational mechanics and analysis},
  year      = {2009},
  volume    = {193},
  number    = {2},
  pages     = {227--253},
  doi       = {10.1007/s00205-009-0233-x},
  langid    = {english},
  publisher = {Springer},
}

% local uniqueness for \gamma\in(-3,0), \nu >= 1 (strong angular singularity)

@Article{Fournier2008,
  author    = {Fournier, Nicolas and Gu{\'e}rin, H{\'e}l{\`e}ne},
  title     = {On the uniqueness for the spatially homogeneous Boltzmann equation with a strong angular singularity},
  journal   = {Journal of Statistical Physics},
  year      = {2008},
  volume    = {131},
  number    = {4},
  pages     = {749--781},
  doi       = {10.1007/s10955-008-9511-5},
  langid    = {english},
  publisher = {Springer},
}

% global uniqueness+regularity for \gamma >= 0, \nu >= 1
% local uniqueness for \gamma+\nu = -1, \nu >= 1

@Article{He2012,
  author    = {He, Lingbing},
  title     = {Well-posedness of spatially homogeneous Boltzmann equation with full-range interaction},
  journal   = {Communications in Mathematical Physics},
  year      = {2012},
  pages     = {1--30},
  doi       = {10.1007/s00220-012-1481-4},
  langid    = {english},
  publisher = {Springer},
}

% every L1-weak solution with finite moments of all orders acquires the C\infty-regularity for all positive time

@Article{Alexandre2012,
  author    = {Alexandre, Radjesvarane and Morimoto, Yoshinori and Ukai, Seiji and Xu, Chao-Jiang and Yang, Tong},
  title     = {Smoothing effect of weak solutions for the spatially homogeneous Boltzmann equation without angular cutoff},
  journal   = {Kyoto Journal of Mathematics},
  year      = {2012},
  volume    = {52},
  number    = {3},
  pages     = {433--463},
  doi       = {10.1215/21562261-1625154},
  langid    = {english},
  publisher = {Kyoto University},
}

@Article{Tristani2014,
  author    = {Tristani, Isabelle},
  title     = {Exponential convergence to equilibrium for the homogeneous Boltzmann equation for hard potentials without cut-off},
  journal   = {Journal of Statistical Physics},
  year      = {2014},
  volume    = {157},
  number    = {3},
  pages     = {474--496},
  doi       = {10.1007/s10955-014-1066-z},
  langid    = {english},
  publisher = {Springer},
}

%%% Maxwellian gas

@InProceedings{Horowitz1990,
  author       = {Horowitz, J and Karandikar, RL},
  title        = {Martingale problems associated with the Boltzmann equation},
  booktitle    = {Seminar on Stochastic Processes, 1989},
  year         = {1990},
  organization = {Springer},
  pages        = {75--122},
  doi          = {10.1007/978-1-4612-3458-6_6},
  langid       = {english},
}

@Article{Toscani1999maxw,
  author    = {Toscani, G and Villani, C},
  title     = {Probability metrics and uniqueness of the solution to the Boltzmann equation for a Maxwell gas},
  journal   = {Journal of statistical physics},
  year      = {1999},
  volume    = {94},
  number    = {3},
  pages     = {619--637},
  doi       = {10.1023/A:1004508706950},
  langid    = {english},
  publisher = {Springer},
}

% pseudo-Maxwell using Wasserstein distance

@Article{Fournier2006,
  author    = {Fournier, Nicolas},
  title     = {Uniqueness for a class of spatially homogeneous Boltzmann equations without angular cutoff},
  journal   = {Journal of statistical physics},
  year      = {2006},
  volume    = {125},
  number    = {4},
  pages     = {923--942},
  doi       = {10.1007/s10955-006-9208-6},
  langid    = {english},
  publisher = {Springer},
}

@Article{Desvillettes2009,
  author  = {Desvillettes, Laurent and Furioli, Giulia and Terraneo, Elide},
  title   = {Propagation of Gevrey regularity for solutions of the Boltzmann equation for Maxwellian molecules},
  journal = {Transactions of the American Mathematical Society},
  year    = {2009},
  volume  = {361},
  number  = {4},
  pages   = {1731--1747},
  doi     = {10.1090/S0002-9947-08-04574-1},
  langid  = {english},
}

@Article{Meng2017,
  author    = {Meng, Fei and Yang, Xiao-Ping},
  title     = {Exponential convergence to equilibrium of solutions of the Kac equation and homogeneous Boltzmann equation for Maxwellian without angular cut-off},
  journal   = {Asymptotic Analysis},
  year      = {2017},
  volume    = {101},
  number    = {4},
  pages     = {251--271},
  doi       = {10.3233/ASY-171407},
  langid    = {english},
  publisher = {IOS Press},
}

%%%%%%%%%%%%%%%%%%%%%%%
%%% Exact solutions %%%
%%%%%%%%%%%%%%%%%%%%%%%

@Article{Bobylev2002,
  author    = {Bobylev, Alexander V and Cercignani, Carlo},
  title     = {Self-similar solutions of the Boltzmann equation and their applications},
  journal   = {Journal of statistical physics},
  year      = {2002},
  volume    = {106},
  issue     = {5},
  pages     = {1039--1071},
  doi       = {10.1023/A:1014037804043},
  langid    = {english},
  publisher = {Springer},
}

@Article{Nikolskii1963,
  author    = {Никольский, АА},
  title     = {Трехмерное однородное расширение—сжатие разреженного газа со степенными функциями взаимодействия},
  year      = {1963},
  volume    = {151},
  number    = {3},
  booktitle = {Докл. АН СССР},
  langid    = {russian},
}

@Article{Bobylev1975,
  author  = {Бобылев, АВ},
  title   = {Метод преобразования Фурье в теории уравнения Больцмана для максвелловских молекул},
  journal = {ДАН СССР},
  year    = {1975},
  volume  = {225},
  number  = {5},
  pages   = {1041--1044},
  langid  = {russian},
}

@Article{Krook1976,
  author    = {Krook, Max and Wu, Tai Tsun},
  title     = {Formation of Maxwellian tails},
  journal   = {Physical Review Letters},
  year      = {1976},
  volume    = {36},
  number    = {19},
  pages     = {1107},
  doi       = {10.1103/PhysRevLett.36.1107},
  langid    = {english},
  publisher = {APS},
}

%%%%%%%%%%%%%%%%%%%%%%%%%%%%
%%% Validity of BG limit %%%
%%%%%%%%%%%%%%%%%%%%%%%%%%%%

% 13-moment method

@Article{Grad1949,
  author    = {Grad, Harold},
  title     = {On the kinetic theory of rarefied gases},
  journal   = {Commun. pure Appl. Math.},
  year      = {1949},
  volume    = {2},
  number    = {4},
  pages     = {331--407},
  doi       = {10.1002/cpa.3160020403},
  langid    = {english},
  publisher = {Wiley Online Library},
}

@InBook{Lanford1975,
  author    = {Lanford, Oscar E},
  title     = {Time evolution of large classical systems},
  booktitle = {Dynamical systems, theory and applications},
  year      = {1975},
  editor    = {Moser, J.},
  publisher = {Springer},
  pages     = {1--111},
  doi       = {10.1007/3-540-07171-7_1},
  address   = {Berlin, Heidelberg},
  langid    = {english},
}

@Article{Beijeren1980,
  author    = {van Beijeren, Henk and Lanford, OE and Lebowitz, Joel L and Spohn, Herbert},
  title     = {Equilibrium time correlation functions in the low-density limit},
  journal   = {Journal of Statistical Physics},
  year      = {1980},
  volume    = {22},
  number    = {2},
  pages     = {237--257},
  doi       = {10.1007/BF01008050},
  langid    = {english},
  publisher = {Springer},
}

@Article{Illner1989,
  author    = {Illner, R and Pulvirenti, M},
  title     = {Global validity of the Boltzmann equation for two-and three-dimensional rare gas in vacuum: Erratum and improved result},
  journal   = {Communications in mathematical physics},
  year      = {1989},
  volume    = {121},
  number    = {1},
  pages     = {143--146},
  doi       = {10.1007/BF01218628},
  langid    = {english},
  publisher = {Springer},
}

@Article{Petrina1990,
  author    = {Петрина, Дмитрий Яковлевич and Герасименко, Виктор Иванович},
  title     = {Математические проблемы статистической механики системы упругих шаров},
  journal   = {Успехи математических наук},
  year      = {1990},
  volume    = {45},
  number    = {3 (273},
  pages     = {135--182},
  doi       = {10.1070/RM1990v045n03ABEH002360},
  langid    = {russian},
  publisher = {Российская академия наук, Математический институт им. ВА Стеклова Российской академии наук},
}

@Article{Ukai2001,
  author    = {Ukai, Seiji},
  title     = {The Boltzmann--Grad limit and Cauchy--Kovalevskaya theorem},
  journal   = {Japan journal of industrial and applied mathematics},
  year      = {2001},
  volume    = {18},
  number    = {2},
  pages     = {383--392},
  doi       = {10.1007/BF03168581},
  langid    = {english},
  publisher = {Springer},
}

@Book{Raymond2013,
  author    = {Gallagher, Isabelle and Saint-Raymond, Laure and Texier, Benjamin},
  title     = {From Newton to Boltzmann: hard spheres and short-range potentials},
  year      = {2013},
  publisher = {European mathematical society},
  pagetotal = {135},
  langid    = {english},
}

@Article{Pulvirenti2014,
  author    = {Pulvirenti, Mario and Saffirio, Chiara and Simonella, Sergio},
  title     = {On the validity of the Boltzmann equation for short range potentials},
  journal   = {Reviews in Mathematical Physics},
  year      = {2014},
  volume    = {26},
  number    = {02},
  pages     = {1450001},
  doi       = {10.1142/S0129055X14500019},
  langid    = {english},
  publisher = {World Scientific},
}

% detailed study of the branching process, leading to explicit estimates on pathological collision trees

@Article{Raymond2016,
  author    = {Bodineau, Thierry and Gallagher, Isabelle and Saint-Raymond, Laure},
  title     = {The Brownian motion as the limit of a deterministic system of hard-spheres},
  journal   = {Inventiones mathematicae},
  year      = {2016},
  volume    = {203},
  number    = {2},
  pages     = {493--553},
  doi       = {10.1007/s00222-015-0593-9},
  langid    = {english},
  publisher = {Springer},
}

@Article{Raymond2017,
  author    = {Bodineau, Thierry and Gallagher, Isabelle and Saint-Raymond, Laure},
  title     = {From Hard Sphere Dynamics to the Stokes--Fourier Equations: An Analysis of the Boltzmann--Grad Limit},
  journal   = {Annals of PDE},
  year      = {2017},
  volume    = {3},
  number    = {1},
  pages     = {2},
  doi       = {10.1007/s40818-016-0018-0},
  langid    = {english},
  publisher = {Springer},
}

@Article{Ayi2017,
  author  = {Ayi, Nathalie},
  title   = {From Newton's Law to the Linear Boltzmann Equation Without Cut-Off},
  journal = {Communications in Mathematical Physics},
  year    = {2017},
  volume  = {350},
  number  = {3},
  pages   = {1219--1274},
  doi     = {10.1007/s00220-016-2821-6},
  langid  = {english},
}

%%%%%%%%%%%%%%%%%%%%%%%%%%%%%%%%%
%%% Small classical solutions %%%
%%%%%%%%%%%%%%%%%%%%%%%%%%%%%%%%%

%%% with cutoff

@InProceedings{Grad1965nonlinear,
  author    = {Grad, Harold},
  title     = {Asymptotic equivalence of the Navier-Stokes and nonlinear Boltzmann equations},
  booktitle = {Proceedings of the American Mathematical Society Symposia on Applied Mathematics},
  year      = {1965},
  volume    = {17},
  pages     = {154--183},
  doi       = {10.3792/pja/1195519027},
  langid    = {english},
}

% global classical cut-off solution for \gamma > 0

@Article{Ukai1974,
  author    = {Ukai, Seiji},
  title     = {On the existence of global solutions of mixed problem for non-linear Boltzmann equation},
  journal   = {Proceedings of the Japan Academy},
  year      = {1974},
  volume    = {50},
  number    = {3},
  pages     = {179--184},
  doi       = {10.3792/pja/1195519027},
  langid    = {english},
  publisher = {The Japan Academy},
}

% global classical cut-off solution for \gamma > -1

@Article{Ukai1982,
  author  = {Ukai, Seiji and Asano, Kiyoshi},
  title   = {On the Cauchy problem of the Boltzmann equation with a soft potential},
  journal = {Publications of the Research Institute for Mathematical Sciences},
  year    = {1982},
  volume  = {18},
  number  = {2},
  pages   = {477--519},
  doi     = {10.2977/prims/1195183569},
  langid  = {english},
}

@Article{Caflisch1980b,
  author    = {Caflisch, Russel E},
  title     = {The Boltzmann equation with a soft potential. II. Nonlinear, spatially-periodic},
  journal   = {Communications in Mathematical Physics},
  year      = {1980},
  volume    = {74},
  number    = {2},
  pages     = {97--109},
  doi       = {10.1007/BF01197752},
  langid    = {english},
  publisher = {Springer},
}

% only existence of global classical cut-off solutions for \gamma > -3

@Article{Guo2003,
  author    = {Guo, Yan},
  title     = {Classical solutions to the Boltzmann equation for molecules with an angular cutoff},
  journal   = {Archive for rational mechanics and analysis},
  year      = {2003},
  volume    = {169},
  number    = {4},
  pages     = {305--353},
  doi       = {10.1007/s00205-003-0262-9},
  langid    = {english},
  publisher = {Springer},
}

@Article{Mouhot2007,
  author    = {Mouhot, Cl{\'e}ment and Strain, Robert M},
  title     = {Spectral gap and coercivity estimates for linearized Boltzmann collision operators without angular cutoff},
  journal   = {Journal de math{\'e}matiques pures et appliqu{\'e}es},
  year      = {2007},
  volume    = {87},
  number    = {5},
  pages     = {515--535},
  doi       = {10.1016/j.matpur.2007.03.003},
  langid    = {english},
  publisher = {Elsevier},
}

@Article{Strain2008,
  author    = {Strain, Robert M and Guo, Yan},
  title     = {Exponential decay for soft potentials near Maxwellian},
  journal   = {Archive for Rational Mechanics and Analysis},
  year      = {2008},
  volume    = {187},
  number    = {2},
  pages     = {287--339},
  doi       = {10.1007/s00205-007-0067-3},
  langid    = {english},
  publisher = {Springer},
}

%%% without cutoff

@Article{Strain2011,
  author  = {Gressman, Philip and Strain, Robert},
  title   = {Global classical solutions of the Boltzmann equation without angular cut-off},
  journal = {Journal of the American Mathematical Society},
  year    = {2011},
  volume  = {24},
  number  = {3},
  pages   = {771--847},
  doi     = {10.1090/S0894-0347-2011-00697-8},
  langid  = {english},
}

@Article{Strain2012,
  author  = {Strain, Robert M.},
  title   = {Optimal time decay of the non cut-off Boltzmann equation in the whole space},
  journal = {Kinetic and Related Models},
  year    = {2012},
  volume  = {5},
  number  = {3},
  pages   = {583-613},
  doi     = {10.3934/krm.2012.5.583},
  langid  = {english},
}

@Article{Alexandre2012soft,
  author    = {Alexandre, Radjesvarane and Morimoto, Yoshinori and Ukai, Seiji and Xu, C-J and Yang, Tong},
  title     = {The Boltzmann equation without angular cutoff in the whole space: I, Global existence for soft potential},
  journal   = {Journal of Functional Analysis},
  year      = {2012},
  volume    = {262},
  number    = {3},
  pages     = {915--1010},
  doi       = {10.1016/j.jfa.2011.10.007},
  langid    = {english},
  publisher = {Elsevier},
}

@Article{Alexandre2011hard,
  author    = {Alexandre, Radjesvarane and Morimoto, Yoshinori and Ukai, Seiji and Xu, C-J and Yang, Tong},
  title     = {The Boltzmann equation without angular cutoff in the whole space: II, Global existence for hard potential},
  journal   = {Analysis and Applications},
  year      = {2011},
  volume    = {9},
  number    = {02},
  pages     = {113--134},
  doi       = {10.1142/S0219530511001777},
  langid    = {english},
  publisher = {World Scientific},
}

@Article{Alexandre2011properties,
  author    = {Alexandre, Radjesvarane and Morimoto, Yoshinori and Ukai, Seiji and Xu, C-J and Yang, Tong},
  title     = {The Boltzmann equation without angular cutoff in the whole space: Qualitative properties of solutions},
  journal   = {Archive for rational mechanics and analysis},
  year      = {2011},
  volume    = {202},
  number    = {2},
  pages     = {599--661},
  doi       = {10.1007/s00205-011-0432-0},
  langid    = {english},
  publisher = {Springer},
}

%%%%%%%%%%%%%%%%%%%%%%%%%%%%
%%% DiPerna-Lions theory %%%
%%%%%%%%%%%%%%%%%%%%%%%%%%%%

@Article{Leray1934,
  author    = {Leray, Jean},
  title     = {Sur le mouvement d'un liquide visqueux emplissant l'espace},
  journal   = {Acta mathematica},
  year      = {1934},
  volume    = {63},
  number    = {1},
  pages     = {193--248},
  doi       = {10.1007/BF02547354},
  langid    = {french},
  publisher = {Springer},
}

@Article{Lions1989,
  author    = {DiPerna, Ronald J and Lions, Pierre-Louis},
  title     = {On the Cauchy problem for Boltzmann equations: global existence and weak stability},
  journal   = {Annals of Mathematics},
  year      = {1989},
  pages     = {321--366},
  doi       = {10.2307/1971423},
  langid    = {english},
  publisher = {JSTOR},
}

@Article{Lions1994,
  author    = {Lions, Pierre-Louis},
  title     = {Compactness in Boltzmann’s equation via Fourier integral operators and applications},
  journal   = {Journal of Mathematics of Kyoto University},
  year      = {1994},
  volume    = {34},
  number    = {2},
  pages     = {391--427},
  doi       = {10.1215/kjm/1250519017},
  langid    = {english},
  publisher = {Kyoto University},
}

@Article{Alexandre2002,
  author    = {Alexandre, Radjesvarane and Villani, C{\'e}dric},
  title     = {On the Boltzmann equation for long-range interactions},
  journal   = {Communications on pure and applied mathematics},
  year      = {2002},
  volume    = {55},
  number    = {1},
  pages     = {30--70},
  doi       = {10.1002/cpa.10012},
  langid    = {english},
  publisher = {Wiley Online Library},
}

@Article{Illner1984,
  author    = {Illner, Reinhard and Shinbrot, Marvin},
  title     = {The Boltzmann equation: global existence for a rare gas in an infinite vacuum},
  journal   = {Communications in Mathematical Physics},
  year      = {1984},
  volume    = {95},
  number    = {2},
  pages     = {217--226},
  doi       = {10.1007/BF01468142},
  langid    = {english},
  publisher = {Springer},
}

%%%%%%%%%%%%%%%%%%%%%%%%%%%%%%%%%
%%% Velocity-averaging lemmas %%%
%%%%%%%%%%%%%%%%%%%%%%%%%%%%%%%%%

@Article{Agoshkov1984,
  author  = {Агошков, В И},
  title   = {Пространства функций с дифференциально-разностными характеристиками и гладкость решений уравнения переноса},
  journal = {ДАН СССР},
  year    = {1984},
  volume  = {276},
  number  = {6},
  pages   = {1289--1293},
  langid  = {russian},
}

@Article{Sentis1985,
  author  = {Golse, Fran{\c{c}}ois and Perthame, Beno{\^\i}t and Sentis, R{\'e}mi},
  title   = {Un r{\'e}sultat de compacit{\'e} pour les {\'e}quations de transport et application au calcul de la limite de la valeur propre principale d’un op{\'e}rateur de transport},
  journal = {C R Acad. Sci. Paris},
  year    = {1985},
  volume  = {301},
  number  = {7},
  pages   = {341--344},
  langid  = {french},
}

@Article{Sentis1988,
  author    = {Golse, Fran{\c{c}}ois and Lions, Pierre-Louis and Perthame, Beno{\^\i}t and Sentis, R{\'e}mi},
  title     = {Regularity of the moments of the solution of a transport equation},
  journal   = {Journal of functional analysis},
  year      = {1988},
  volume    = {76},
  number    = {1},
  pages     = {110--125},
  doi       = {10.1016/0022-1236(88)90051-1},
  langid    = {english},
  publisher = {Elsevier},
}

@Article{Raymond2002,
  author    = {Golse, Fran{\c{c}}ois and Saint-Raymond, Laure},
  title     = {Velocity averaging in L1 for the transport equation},
  journal   = {Comptes Rendus Mathematique},
  year      = {2002},
  volume    = {334},
  number    = {7},
  pages     = {557--562},
  doi       = {10.1016/S1631-073X(02)02302-6},
  langid    = {english},
  publisher = {Elsevier},
}

%%%%%%%%%%%%%%%%%%%%%%
%%% Hypocoercivity %%%
%%%%%%%%%%%%%%%%%%%%%%

@Article{Villani2005,
  author    = {Desvillettes, L and Villani, C{\'e}dric},
  title     = {On the trend to global equilibrium for spatially inhomogeneous kinetic systems: the Boltzmann equation},
  journal   = {Inventiones mathematicae},
  year      = {2005},
  volume    = {159},
  number    = {2},
  pages     = {245--316},
  doi       = {10.1007/s00222-004-0389-9},
  langid    = {english},
  publisher = {Springer},
}

@Book{Villani2009,
  author    = {Villani, C{\'e}dric},
  title     = {Hypocoercivity},
  year      = {2009},
  publisher = {American Mathematical Society},
  pagetotal = {141},
  doi       = {10.1090/S0065-9266-09-00567-5},
  langid    = {english},
}

@Online{Gualdani2013,
  author     = {Gualdani, Maria Pia and Mischler, St{\'e}phane and Mouhot, Cl{\'e}ment},
  title      = {Factorization for non-symmetric operators and exponential H-theorem},
  eprint     = {1006.5523},
  eprinttype = {arxiv},
  journal    = {arXiv preprint arXiv:1006.5523},
  langid     = {english},
}

%%%%%%%%%%%%%%%%%%%%%%%
%%% Green functions %%%
%%%%%%%%%%%%%%%%%%%%%%%

@Article{Liu2004green,
  author    = {Liu, Tai-Ping and Yu, Shih-Hsien},
  title     = {The Green's function and large-time behavior of solutions for the one-dimensional Boltzmann equation},
  journal   = {Communications on pure and applied mathematics},
  year      = {2004},
  volume    = {57},
  number    = {12},
  pages     = {1543--1608},
  doi       = {10.1002/cpa.20011},
  langid    = {english},
  publisher = {Wiley Online Library},
}

@Article{Liu2006,
  author  = {Liu, TP and Yu, Shih-Hsien},
  title   = {Green’s function and large-time behavior of solutions of Boltzmann equation, 3-D waves},
  journal = {Bull. Inst. Math. Acad. Sin. (N.S.)},
  year    = {2006},
  volume  = {1},
  number  = {1},
  pages   = {1--78},
  doi     = {10.1090/S0065-9266-09-00567-5},
  langid  = {english},
}

%%%%%%%%%%%%%%%%%%%%%%%%%%%%
%%% Fluid-dynamic limits %%%
%%%%%%%%%%%%%%%%%%%%%%%%%%%%

% asymptotic theory without a boundary

@Article{Grad1963a,
  author    = {Grad, Harold},
  title     = {Asymptotic theory of the Boltzmann equation},
  journal   = {The physics of Fluids},
  year      = {1963},
  volume    = {6},
  number    = {2},
  pages     = {147--181},
  doi       = {10.1063/1.1706716},
  langid    = {english},
  publisher = {AIP},
}

@Article{Bobylev1981,
  author    = {Бобылев, АВ},
  title     = {Теорема Пуанкаре, уравнение Больцмана и уравнения типа Кортевега--де Фриза},
  year      = {1981},
  volume    = {256},
  pages     = {1341--1346},
  booktitle = {Докл. АН СССР},
  langid    = {russian},
}

% instability of Burnett approximation

@Article{Bobylev1982,
  author  = {Бобылев, А В},
  title   = {О методах Чепмена-Энскога и Грэда решения уравнения Больцмана},
  journal = {ДАН СССР},
  year    = {1982},
  volume  = {262},
  number  = {1},
  pages   = {71--75},
  langid  = {russian},
}

% smooth Euler limit

@Article{Nishida1978,
  author    = {Nishida, Takaaki},
  title     = {Fluid dynamical limit of the nonlinear Boltzmann equation to the level of the compressible Euler equation},
  journal   = {Communications in Mathematical Physics},
  year      = {1978},
  volume    = {61},
  number    = {2},
  pages     = {119--148},
  doi       = {10.1007/BF01609490},
  langid    = {english},
  publisher = {Springer},
}

@Article{Caflisch1980limit,
  author    = {Caflisch, Russel E},
  title     = {The fluid dynamic limit of the nonlinear Boltzmann equation},
  journal   = {Communications on Pure and Applied Mathematics},
  year      = {1980},
  volume    = {33},
  number    = {5},
  pages     = {651--666},
  doi       = {10.1002/cpa.3160330506},
  langid    = {english},
  publisher = {Wiley Online Library},
}

%%%%%%%%%%%%%%%%%%%%%%%%%%%%%%
%%%  High-frequency limit  %%%
%%%%%%%%%%%%%%%%%%%%%%%%%%%%%%

@Article{Karlin2008,
  author    = {Karlin, IV and Colangeli, M and Kr{\"o}ger, M},
  title     = {Exact linear hydrodynamics from the Boltzmann Equation},
  journal   = {Physical review letters},
  year      = {2008},
  volume    = {100},
  number    = {21},
  pages     = {214503},
  doi       = {10.1103/PhysRevLett.100.214503},
  langid    = {english},
  publisher = {APS},
}

@Article{Gorban2014,
  author  = {Gorban, Alexander and Karlin, Ilya},
  title   = {Hilbert’s 6th Problem: exact and approximate hydrodynamic manifolds for kinetic equations},
  journal = {Bulletin of the American Mathematical Society},
  year    = {2014},
  volume  = {51},
  number  = {2},
  pages   = {187--246},
  doi     = {10.1090/S0273-0979-2013-01439-3},
  langid  = {english},
}

%%%%%%%%%%%%%%%%%%%%%%%%%%%%%%%%%
%%% Incompressible NSF limits %%%
%%%%%%%%%%%%%%%%%%%%%%%%%%%%%%%%%

@Article{Bardos1991,
  author    = {Bardos, Claude and Golse, Fran{\c{c}}ois and Levermore, David},
  title     = {Fluid dynamic limits of kinetic equations. I. Formal derivations},
  journal   = {Journal of statistical physics},
  year      = {1991},
  volume    = {63},
  number    = {1},
  pages     = {323--344},
  doi       = {10.1007/BF01026608},
  langid    = {english},
  publisher = {Springer},
}

@Article{Bardos1993,
  author    = {Bardos, Claude and Golse, Fran{\c{c}}ois and Levermore, C David},
  title     = {Fluid dynamic limits of kinetic equations II convergence proofs for the boltzmann equation},
  journal   = {Communications on Pure and Applied Mathematics},
  year      = {1993},
  volume    = {46},
  number    = {5},
  pages     = {667--753},
  doi       = {10.1002/cpa.3160460503},
  langid    = {english},
  publisher = {Wiley Subscription Services, Inc., A Wiley Company},
}

@Article{Masmoudi2001,
  author    = {Lions, P-L and Masmoudi, Nader},
  title     = {From the Boltzmann Equations to the Equations of Incompressible Fluid Mechanics},
  journal   = {Archive for Rational Mechanics and Analysis},
  year      = {2001},
  volume    = {158},
  number    = {3},
  pages     = {173--193},
  doi       = {10.1007/s002050100143},
  langid    = {english},
  publisher = {Springer},
}

@Article{Golse2004,
  author    = {Golse, Fran{\c{c}}ois and Saint-Raymond, Laure},
  title     = {The Navier--Stokes limit of the Boltzmann equation for bounded collision kernels},
  journal   = {Inventiones mathematicae},
  year      = {2004},
  volume    = {155},
  number    = {1},
  pages     = {81--161},
  doi       = {10.1007/s00222-003-0316-5},
  langid    = {english},
  publisher = {Springer},
}

@Article{Golse2009,
  author    = {Golse, Fran{\c{c}}ois and Saint-Raymond, Laure},
  title     = {The incompressible Navier--Stokes limit of the Boltzmann equation for hard cutoff potentials},
  journal   = {Journal de math{\'e}matiques pures et appliqu{\'e}es},
  year      = {2009},
  volume    = {91},
  number    = {5},
  pages     = {508--552},
  doi       = {10.1016/j.matpur.2009.01.013},
  langid    = {english},
  publisher = {Elsevier},
}

% without cutoff

@Article{Masmoudi2010,
  author    = {Levermore, C David and Masmoudi, Nader},
  title     = {From the Boltzmann equation to an incompressible Navier--Stokes--Fourier system},
  journal   = {Archive for rational mechanics and analysis},
  year      = {2010},
  volume    = {196},
  number    = {3},
  pages     = {753--809},
  doi       = {10.1016/j.matpur.2009.01.013},
  langid    = {english},
  publisher = {Springer},
}

%%%%%%%%%%%%%%%%%%%%%%%
%%%  Linear limits  %%%
%%%%%%%%%%%%%%%%%%%%%%%

@Article{Golse2000,
  author    = {Bardos, Claude and Golse, Fran{\c{c}}ois and Levermore, C David},
  title     = {The acoustic limit for the Boltzmann equation},
  journal   = {Archive for rational mechanics and analysis},
  year      = {2000},
  volume    = {153},
  number    = {3},
  pages     = {177--204},
  doi       = {10.1007/s002050000080},
  langid    = {english},
  publisher = {Springer},
}

@Article{Golse2002,
  author    = {Golse, Fran{\c{c}}ois and Levermore, C David},
  title     = {Stokes-Fourier and acoustic limits for the Boltzmann equation: Convergence proofs},
  journal   = {Communications on pure and applied mathematics},
  year      = {2002},
  volume    = {55},
  number    = {3},
  pages     = {336--393},
  doi       = {10.1002/cpa.3011},
  langid    = {english},
  publisher = {Wiley Online Library},
}

@Article{Jiang2010,
  author    = {Jiang, Ning and Levermore, C David and Masmoudi, Nader},
  title     = {Remarks on the acoustic limit for the Boltzmann equation},
  journal   = {Communications in Partial Differential Equations},
  year      = {2010},
  volume    = {35},
  number    = {9},
  pages     = {1590--1609},
  doi       = {10.1080/03605302.2010.496096},
  langid    = {english},
  publisher = {Taylor \& Francis},
}

%%%%%%%%%%%%%%%%%%%%%
%%%   KGF limit   %%%
%%%%%%%%%%%%%%%%%%%%%

@Article{Bardos2008,
  author    = {Bardos, Claude and Levermore, C David and Ukai, Seiji and Yang, Tong},
  title     = {Kinetic equations: fluid dynamical limits and viscous heating},
  journal   = {Bull. Inst. Math. Acad. Sin. (N.S.)},
  year      = {2008},
  volume    = {3},
  number    = {1},
  pages     = {1--49},
  publisher = {INSTITUTE OF MATHEMATICS, ACADEMICA SINICA},
}

@Article{Levermore2012,
  author    = {Levermore, C David and Sun, Weiran and Trivisa, Konstantina},
  title     = {A low Mach number limit of a dispersive Navier--Stokes system},
  journal   = {SIAM J. Math. Anal.},
  year      = {2012},
  volume    = {44},
  number    = {3},
  pages     = {1760--1807},
  doi       = {10.1137/100818765},
  langid    = {english},
  publisher = {SIAM},
}

@Article{Tan2016,
  author    = {Tan, Wenke},
  title     = {Blow up criterion for the 3D ghost effect system},
  journal   = {Nonlinear Anal.-Real},
  year      = {2016},
  volume    = {29},
  pages     = {58--67},
  doi       = {10.1016/j.nonrwa.2015.10.008},
  langid    = {english},
  publisher = {Elsevier},
}

@Article{AlTaki2017,
  author  = {{Al Taki}, Bilal},
  title   = {Global well posedness for the ghost effect system},
  journal = {Communications on Pure \& Applied Analysis},
  year    = {2017},
  volume  = {16},
  number  = {1},
  doi     = {10.3934/cpaa.2017017},
  langid  = {english},
}

%%%%%%%%%%%%%%%%%%%%%%%%%%%%%
%%% Simple boundary layer %%%
%%%%%%%%%%%%%%%%%%%%%%%%%%%%%

% conjecture

@InBook{Grad1969,
  author    = {Grad, Harold},
  title     = {Singular and nonuniform limits of solutions of the Boltzmann equation},
  booktitle = {Transport Theory},
  year      = {1969},
  publisher = {AMS, Providence},
  pages     = {269--308},
  editors   = {Bellman, R., Birkhoff, G., Abu-Shumays, I},
  langid    = {english},
}

% linear: u=0

@Article{Maslova1982,
  author    = {Маслова, Нина Борисовна},
  title     = {Задача Крамерса в кинетической теории газов},
  journal   = {Ж. вычисл. матем. и матем. физ.},
  year      = {1982},
  volume    = {22},
  number    = {3},
  pages     = {700--709},
  doi       = {10.1016/0041-5553(82)90141-0},
  langid    = {russian},
  publisher = {Российская академия наук, Отделение математических наук},
}

% linear: u_\infty=0

@Article{Bardos1986,
  author    = {Bardos, Claude and Caflisch, Russel E and Nicolaenko, Basil},
  title     = {The Milne and Kramers problems for the Boltzmann equation of a hard sphere gas},
  journal   = {Comm. Pure Appl. Math.},
  year      = {1986},
  volume    = {39},
  number    = {3},
  pages     = {323--352},
  doi       = {10.1002/cpa.3160390304},
  langid    = {english},
  publisher = {Wiley Online Library},
}

@Article{Golse1988,
  author    = {Golse, Fran{\c{c}}ois and Perthame, Beno{\^\i}t and Sulem, Catherine},
  title     = {On a boundary layer problem for the nonlinear Boltzmann equation},
  journal   = {Archive for Rational Mechanics and Analysis},
  year      = {1988},
  volume    = {103},
  number    = {1},
  pages     = {81--96},
  doi       = {10.1007/BF00292921},
  langid    = {english},
  publisher = {Springer},
}

% nonlinear

@Article{Arkeryd2000,
  author    = {Arkeryd, Leif and Nouri, Anne},
  title     = {On the Milne problem and the hydrodynamic limit for a steady Boltzmann equation model},
  journal   = {Journal of Statistical Physics},
  year      = {2000},
  volume    = {99},
  number    = {3},
  pages     = {993--1019},
  doi       = {10.1023/A:1018655815285},
  langid    = {english},
  publisher = {Springer},
}

% exact coefficient of x\log{x} singularity for HS

@Article{Chen2016,
  author  = {Chen, I-Kun and Funagane, Hitoshi and Liu, Tai-Ping and Takata, Shigeru},
  title   = {Singularity of the Velocity Distribution Function in Molecular Velocity Space.},
  journal = {Communications in Mathematical Physics},
  year    = {2016},
  volume  = {341},
  number  = {1},
  doi     = {10.1007/s00220-015-2476-8},
  langid  = {english},
}

%%%%%%%%%%%%%%%%%%%%%%%%%%%%%%%%
%%% Evaporation-condensation %%%
%%%%%%%%%%%%%%%%%%%%%%%%%%%%%%%%

% conjecture

@InBook{Cercignani1986,
  author    = {Cercignani, Carlo},
  title     = {Half-space problems in the kinetic theory of gases},
  booktitle = {Trends in Applications of Pure Mathematics to Mechanics},
  year      = {1986},
  publisher = {Springer},
  location  = {Berlin, Heidelberg},
  pages     = {35--50},
  doi       = {10.1007/BFb0016381},
  editors   = {Kr{\"o}ner, Ekkehart and Kirchg{\"a}ssner, Klaus},
  langid    = {english},
}

@Article{Coron1988,
  author    = {Coron, Fran{\c{c}}ois and Golse, Fran{\c{c}}ois and Sulem, Catherine},
  title     = {A classification of well-posed kinetic layer problems},
  journal   = {Communications on Pure and Applied Mathematics},
  year      = {1988},
  volume    = {41},
  number    = {4},
  pages     = {409--435},
  doi       = {10.1002/cpa.3160410403},
  langid    = {english},
  publisher = {Wiley Online Library},
}

@Article{Aoki1991,
  author    = {Aoki, Kazuo and Nishino, Kenji and Sone, Yoshio and Sugimoto, Hiroshi},
  title     = {Numerical analysis of steady flows of a gas condensing on or evaporating from its plane condensed phase on the basis of kinetic theory: Effect of gas motion along the condensed phase},
  journal   = {Physics of Fluids A: Fluid Dynamics},
  year      = {1991},
  volume    = {3},
  number    = {9},
  pages     = {2260--2275},
  doi       = {10.1063/1.857907},
  langid    = {english},
  publisher = {AIP},
}

% hard-sphere gas

@Article{Ukai2003,
  author    = {Ukai, Seiji and Yang, Tong and Yu, Shih-Hsien},
  title     = {Nonlinear boundary layers of the Boltzmann equation: I. Existence},
  journal   = {Communications in mathematical physics},
  year      = {2003},
  volume    = {236},
  number    = {3},
  pages     = {373--393},
  doi       = {10.1007/s00220-003-0822-8},
  langid    = {english},
  publisher = {Springer},
}

@Article{Ukai2004,
  author    = {Ukai, Seiji and Yang, Tong and Yu, Shih-Hsien},
  title     = {Nonlinear Stability of Boundary Layers of the Boltzmann Equation, I. The case $M^\infty<-1$},
  journal   = {Communications in mathematical physics},
  year      = {2004},
  volume    = {244},
  number    = {1},
  pages     = {99--109},
  doi       = {10.1007/s00220-003-0976-4},
  langid    = {english},
  publisher = {Springer},
}

@Article{Golse2008,
  author  = {Golse, Fran{\c{c}}ois},
  title   = {Analysis of the boundary layer equation in the kinetic theory of gases},
  journal = {Bulletin of the Institute of Mathematics, Academia Sinica},
  year    = {2008},
  volume  = {3},
  number  = {1},
  pages   = {211--242},
  langid  = {english},
}

%%%%%%%%%%%%%%%%%%%%%
%%%  Shock layer  %%%
%%%%%%%%%%%%%%%%%%%%%

% existence + uniqueness, |f-f_NS| < C\epsilon

@Article{Caflisch1982,
  author    = {Caflisch, Russel E and Nicolaenko, Basil},
  title     = {Shock profile solutions of the Boltzmann equation},
  journal   = {Communications in Mathematical Physics},
  year      = {1982},
  volume    = {86},
  number    = {2},
  pages     = {161--194},
  doi       = {10.1007/BF01206009},
  langid    = {english},
  publisher = {Springer},
}

@Article{Liu2004,
  author    = {Liu, Tai-Ping and Yu, Shih-Hsien},
  title     = {Boltzmann equation: micro-macro decompositions and positivity of shock profiles},
  journal   = {Communications in mathematical physics},
  year      = {2004},
  volume    = {246},
  number    = {1},
  pages     = {133--179},
  doi       = {10.1007/s00220-003-1030-2},
  langid    = {english},
  publisher = {Springer},
}

@Article{Liu2013,
  author  = {Liu, Tai-Ping and Yu, Shih-Hsien},
  title   = {Invariant Manifolds for Steady Boltzmann Flows and Applications.},
  journal = {Archive for Rational Mechanics \& Analysis},
  year    = {2013},
  volume  = {209},
  number  = {3},
  doi     = {10.1007/s00205-013-0640-x},
  langid  = {english},
}

% no smooth solution for moment laws

@Article{Boillat1998,
  author    = {Boillat, Guy and Ruggeri, Tommaso},
  title     = {On the shock structure problem for hyperbolic system of balance laws and convex entropy},
  journal   = {Continuum Mechanics and Thermodynamics},
  year      = {1998},
  volume    = {10},
  number    = {5},
  pages     = {285--292},
  doi       = {10.1007/s001610050094},
  langid    = {english},
  publisher = {Springer},
}

%%%%%%%%%%%%%%%%%%%%%
%%%    S-layer    %%%
%%%%%%%%%%%%%%%%%%%%%

@Article{Guo2017,
  author    = {Guo, Yan and Kim, Chanwoo and Tonon, Daniela and Trescases, Ariane},
  title     = {Regularity of the Boltzmann equation in convex domains},
  journal   = {Inventiones mathematicae},
  year      = {2017},
  volume    = {207},
  number    = {1},
  pages     = {115--290},
  doi       = {10.1007/s00222-016-0670-8},
  langid    = {english},
  publisher = {Springer},
}

@Article{Kim2011,
  author    = {Kim, Chanwoo},
  title     = {Formation and propagation of discontinuity for Boltzmann equation in non-convex domains},
  journal   = {Communications in mathematical physics},
  year      = {2011},
  volume    = {308},
  number    = {3},
  pages     = {641--701},
  doi       = {10.1007/s00220-011-1355-1},
  langid    = {english},
  publisher = {Springer},
}

@Comment{jabref-meta: databaseType:biblatex;}
